 Date,Time,From,Time,To,Fare,Credit,Balance
 03/Jul/2023,7:10:00 AM,James Street - 6 ,7:18:00 AM,Adelaide St opp City Hall (Stop 43) ,$1.78,,$10.28
 03/Jul/2023,17:34 PM,Adelaide St at City Hall (Stop 20) ,17:44 PM,Light Street - 7 ,$1.78,,$8.50
 04/Jul/2023,7:15:00 AM,Chester Street - 7 ,7:26:00 AM,Adelaide St app George St (Stop 47) ,$1.78,,$6.72
 04/Jul/2023,17:04 PM,Caxton Street ,17:27 PM,Lewis Street - 11/12 ,$1.78,,$4.94
 05/Jul/2023,7:07:00 AM,Auto top up(James Street - 6 ),,,,$20.00,$24.94
 05/Jul/2023,7:07:00 AM,James Street - 6 ,7:17:00 AM,Adelaide St opp City Hall (Stop 43) ,$1.78,,$23.16
 05/Jul/2023,16:57 PM,Adelaide St at City Hall (Stop 20) ,17:08 PM,Light Street - 7 ,$1.78,,$21.38
 06/Jul/2023,7:03:00 AM,James Street - 6 ,7:12:00 AM,Adelaide St opp City Hall (Stop 43) ,$1.78,,$19.60
 06/Jul/2023,17:02 PM,Adelaide St at City Hall (Stop 20) ,17:14 PM,Light Street - 7 ,$1.78,,$17.82
 07/Jul/2023,7:07:00 AM,James Street - 6 ,7:15:00 AM,Adelaide St opp City Hall (Stop 43) ,$0.89,,$16.93
 07/Jul/2023,16:41 PM,Adelaide St at City Hall (Stop 20) ,16:52 PM,Light Street - 7 ,$0.89,,$16.04
 07/Jul/2023,17:45 PM,James Street - 6 (Touch on Transfer),17:55 PM,Adelaide St opp City Hall (Stop 43) ,$0.00,,$16.04
 07/Jul/2023,20:27 PM,Adelaide St at City Hall (Stop 20) ,20:38 PM,Skyring Tce ,$0.71,,$15.33
 09/Jul/2023,10:59:00 AM,Lewis Street - 11 ,11:11:00 AM,King George Square Station 1C ,$0.71,,$14.62
 09/Jul/2023,12:43:00 PM,King George Square Station 2D ,12:55:00 PM,Lewis Street - 11/12 ,$0.71,,$13.91
 10/Jul/2023,7:09:00 AM,James Street - 6 ,7:20:00 AM,Adelaide St opp City Hall (Stop 43) ,$1.78,,$12.13
 10/Jul/2023,17:07 PM,Adelaide St at City Hall (Stop 20) ,17:19 PM,Light Street - 7 ,$1.78,,$10.35
 11/Jul/2023,6:11:00 AM,James Street - 6 ,6:17:00 AM,Cultural Centre Platform 3 ,$1.78,,$8.57
 11/Jul/2023,6:29:00 AM,Cultural Centre Platform 2 (Touch on Transfer),6:37:00 AM,Lewis Street - 11/12 ,$0.00,,$8.57
 11/Jul/2023,8:08:00 AM,Lewis Street - 11 ,8:28:00 AM,Caxton Street - 4 ,$1.78,,$6.79
 11/Jul/2023,12:41:00 PM,Adelaide St at City Hall (Stop 20) ,12:50:00 PM,Light Street - 7 ,$1.42,,$5.37
 19/Jul/2023,13:19 PM,James Street - 6 ,13:30 PM,Adelaide St opp City Hall (Stop 43) ,$1.42,,$3.95
 19/Jul/2023,14:28 PM,Auto top up(Adelaide St at City Hall (Stop 20) ),,,,$20.00,$23.95
 19/Jul/2023,14:28 PM,Adelaide St at City Hall (Stop 20) (Touch on Transfer),14:35 PM,Light Street - 7 ,$0.00,,$23.95
 20/Jul/2023,7:08:00 AM,James Street - 6 ,7:18:00 AM,Adelaide St opp City Hall (Stop 43) ,$1.78,,$22.17
 20/Jul/2023,17:39 PM,Adelaide St opp DJ's (Stop 23) ,17:48 PM,Brunswick Street - Stop 211 ,$1.78,,$20.39
 21/Jul/2023,7:04:00 AM,James Street - 6 ,7:12:00 AM,Adelaide St opp City Hall (Stop 43) ,$1.78,,$18.61
 21/Jul/2023,17:01 PM,Adelaide St at City Hall (Stop 20) ,17:13 PM,Light Street - 7 ,$1.78,,$16.83
 24/Jul/2023,7:09:00 AM,James Street - 6 ,7:17:00 AM,Adelaide St opp City Hall (Stop 43) ,$1.78,,$15.05
 24/Jul/2023,17:54 PM,Adelaide St at City Hall (Stop 20) ,18:04 PM,Light Street - 7 ,$1.78,,$13.27
 25/Jul/2023,8:24:00 AM,James Street - 6 ,8:41:00 AM,Adelaide St opp City Hall (Stop 43) ,$1.78,,$11.49
 25/Jul/2023,8:44:00 AM,King George Square Station 1E (Touch on Transfer),8:49:00 AM,'QUT Kelvin Grove' Station (OB) - Platform 2 ,$0.00,,$11.49
 25/Jul/2023,14:38 PM,Adelaide St at City Hall (Stop 20) ,14:49 PM,Light Street - 7 ,$1.42,,$10.07
 26/Jul/2023,7:05:00 AM,James Street - 6 ,7:13:00 AM,Adelaide St opp City Hall (Stop 43) ,$1.78,,$8.29
 26/Jul/2023,18:07 PM,Adelaide St at City Hall (Stop 20) ,18:18 PM,Light Street - 7 ,$1.78,,$6.51
 27/Jul/2023,7:07:00 AM,James Street - 6 ,7:15:00 AM,Adelaide St opp City Hall (Stop 43) ,$1.78,,$4.73
 27/Jul/2023,17:03 PM,Auto top up(Adelaide St at City Hall (Stop 20) ),,,,$20.00,$24.73
 27/Jul/2023,17:03 PM,Adelaide St at City Hall (Stop 20) ,17:15 PM,Light Street - 7 ,$1.78,,$22.95
 28/Jul/2023,7:07:00 AM,James Street - 6 ,7:14:00 AM,Adelaide St opp City Hall (Stop 43) ,$0.89,,$22.06
 28/Jul/2023,15:12 PM,Adelaide St at City Hall (Stop 20) ,15:22 PM,Light Street - 7 ,$0.71,,$21.35
 30/Jul/2023,7:12:00 AM,James Street - 6 ,7:19:00 AM,Adelaide St opp City Hall (Stop 43) ,$0.71,,$20.64
 30/Jul/2023,15:55 PM,Adelaide St at City Hall (Stop 20) ,16:04 PM,Light Street - 7 ,$0.71,,$19.93
 31/Jul/2023,7:12:00 AM,James Street - 6 ,7:24:00 AM,Adelaide St opp City Hall (Stop 43) ,$1.78,,$18.15
 31/Jul/2023,17:04 PM,Adelaide St at City Hall (Stop 20) ,17:15 PM,Light Street - 7 ,$1.78,,$16.37
 01/Aug/2023,7:52:00 AM,James Street - 6 ,8:03:00 AM,Adelaide St opp City Hall (Stop 43) ,$1.78,,$14.59
 01/Aug/2023,15:53 PM,Adelaide St at City Hall (Stop 18) ,16:05 PM,Knapp Street - 8 ,$1.78,,$12.81
 02/Aug/2023,7:12:00 AM,James Street - 6 ,7:21:00 AM,Adelaide St opp City Hall (Stop 43) ,$1.78,,$11.03
 02/Aug/2023,17:28 PM,Adelaide St at City Hall (Stop 20) ,17:39 PM,Light Street - 7 ,$1.78,,$9.25
 03/Aug/2023,7:03:00 AM,James Street - 6 ,7:14:00 AM,Adelaide St opp City Hall (Stop 43) ,$1.78,,$7.47
 03/Aug/2023,17:10 PM,Adelaide St at City Hall (Stop 20) ,17:24 PM,Light Street - 7 ,$1.78,,$5.69
 04/Aug/2023,7:08:00 AM,James Street - 6 ,7:14:00 AM,Adelaide St opp City Hall (Stop 43) ,$0.89,,$4.80
 04/Aug/2023,14:04 PM,Auto top up(Adelaide St at City Hall (Stop 20) ),,,,$20.00,$24.80
 04/Aug/2023,14:04 PM,Adelaide St at City Hall (Stop 20) ,14:14 PM,Light Street - 7 ,$0.71,,$24.09
 07/Aug/2023,7:05:00 AM,James Street - 6 ,7:13:00 AM,Adelaide St opp City Hall (Stop 43) ,$1.78,,$22.31
 07/Aug/2023,13:21 PM,Roma St Bus Station Platform 1 ,13:26 PM,'QUT Kelvin Grove' Station (OB) - Platform 2 ,$1.42,,$20.89
 07/Aug/2023,17:17 PM,Adelaide St at City Hall (Stop 20) ,17:31 PM,Wickham St @ Warner St (St 229) ,$1.78,,$19.11
 09/Aug/2023,7:02:00 AM,James Street - 6 ,7:11:00 AM,Adelaide St opp City Hall (Stop 43) ,$1.78,,$17.33
 09/Aug/2023,17:09 PM,Adelaide St at City Hall (Stop 20) ,17:23 PM,Light Street - 7 ,$1.78,,$15.55
 10/Aug/2023,7:02:00 AM,James Street - 6 ,7:12:00 AM,Adelaide St opp City Hall (Stop 43) ,$1.78,,$13.77
 10/Aug/2023,16:57 PM,Adelaide St at City Hall (Stop 20) ,17:05 PM,Light Street - 7 ,$1.78,,$11.99
 11/Aug/2023,7:09:00 AM,James Street - 6 ,7:17:00 AM,Adelaide St opp City Hall (Stop 43) ,$1.78,,$10.21
 11/Aug/2023,15:32 PM,Adelaide St at City Hall (Stop 20) ,15:42 PM,Light Street - 7 ,$0.89,,$9.32
 14/Aug/2023,7:04:00 AM,James Street - 6 ,7:12:00 AM,Adelaide St opp City Hall (Stop 43) ,$1.78,,$7.54
 14/Aug/2023,16:24 PM,Adelaide St at City Hall (Stop 20) ,16:33 PM,Light Street - 7 ,$1.78,,$5.76
 15/Aug/2023,8:00:00 AM,James Street - 6 ,8:16:00 AM,Adelaide St op Anzac Sq (r) (Stop 37) ,$1.78,,$3.98
 15/Aug/2023,16:59 PM,Auto top up(Adelaide St at City Hall (Stop 20) ),,,,$20.00,$23.98
 15/Aug/2023,16:59 PM,Adelaide St at City Hall (Stop 20) ,17:09 PM,Light Street - 7 ,$1.78,,$22.20
 17/Aug/2023,7:04:00 AM,James Street - 6 ,7:15:00 AM,Adelaide St opp City Hall (Stop 43) ,$1.78,,$20.42
 17/Aug/2023,17:01 PM,Adelaide St at City Hall (Stop 20) ,17:10 PM,Light Street - 7 ,$1.78,,$18.64
 18/Aug/2023,7:04:00 AM,James Street - 6 ,7:12:00 AM,Adelaide St opp City Hall (Stop 43) ,$1.78,,$16.86
 18/Aug/2023,15:01 PM,Adelaide St at City Hall (Stop 20) ,15:10 PM,Light Street - 7 ,$1.42,,$15.44
 19/Aug/2023,18:02 PM,James Street - 6 ,18:12 PM,Adelaide St opp City Hall (Stop 43) ,$0.71,,$14.73
 19/Aug/2023,19:33 PM,Adelaide St at City Hall (Stop 20) ,19:46 PM,Light Street - 7 ,$0.71,,$14.02
 21/Aug/2023,7:05:00 AM,James Street - 6 ,7:15:00 AM,Adelaide St opp City Hall (Stop 43) ,$1.78,,$12.24
 21/Aug/2023,13:23 PM,Adelaide St at City Hall (Stop 20) ,13:31 PM,Light Street - 7 ,$1.42,,$10.82
 22/Aug/2023,7:54:00 AM,Light Street - 7 ,8:01:00 AM,Teneriffe Ferry - 16 ,$1.78,,$9.04
 22/Aug/2023,8:01:00 AM,Teneriffe ferry terminal (Touch on Transfer),8:40:00 AM,QUT ferry terminal ,$0.00,,$9.04
 22/Aug/2023,13:28 PM,Adelaide St at City Hall (Stop 20) ,13:38 PM,Skyring Tce ,$1.42,,$7.62
 23/Aug/2023,18:08 PM,Adelaide St at City Hall (Stop 20) ,18:16 PM,Light Street - 7 ,$1.78,,$5.84
 24/Aug/2023,7:03:00 AM,James Street - 6 ,7:11:00 AM,Adelaide St opp City Hall (Stop 43) ,$1.78,,$4.06
 25/Aug/2023,6:57:00 AM,Auto top up(James Street - 6 ),,,,$20.00,$24.06
 25/Aug/2023,6:57:00 AM,James Street - 6 ,7:05:00 AM,Adelaide St opp City Hall (Stop 43) ,$1.78,,$22.28
 25/Aug/2023,14:01 PM,Adelaide St app Hutton L (Stop 28) ,14:07 PM,Light Street - 7 ,$1.42,,$20.86
 27/Aug/2023,11:54:00 AM,New Farm Park ferry terminal ,12:07:00 PM,Teneriffe ferry terminal ,$0.71,,$20.15
 27/Aug/2023,18:01 PM,Fortitude Valley,18:12 PM,Central,$0.71,,$19.44
 27/Aug/2023,19:17 PM,Adelaide St at City Hall (Stop 20) ,19:25 PM,Light Street - 7 ,$0.71,,$18.73
 28/Aug/2023,7:07:00 AM,James Street - 6 ,7:17:00 AM,Adelaide St opp City Hall (Stop 43) ,$1.78,,$16.95
 28/Aug/2023,12:21:00 PM,Adelaide St at City Hall (Stop 20) ,12:28:00 PM,Light Street - 7 ,$1.42,,$15.53
 28/Aug/2023,17:55 PM,James Street - 6 ,18:10 PM,Cultural Centre Platform 3 ,$1.78,,$13.75
 28/Aug/2023,20:25 PM,Adelaide St app Hutton L (Stop 28) ,20:29 PM,Light Street - 7 ,$1.42,,$12.33
 29/Aug/2023,9:45:00 AM,James Street - 6 ,9:52:00 AM,Adelaide St opp City Hall (Stop 43) ,$1.42,,$10.91
 29/Aug/2023,14:20 PM,Adelaide St at City Hall (Stop 20) ,14:30 PM,Light Street - 7 ,$1.42,,$9.49
 30/Aug/2023,7:17:00 AM,James Street - 6 ,7:25:00 AM,Adelaide St opp City Hall (Stop 43) ,$1.78,,$7.71
 30/Aug/2023,16:42 PM,Adelaide St at City Hall (Stop 20) ,16:50 PM,Light Street - 7 ,$1.78,,$5.93
 31/Aug/2023,7:16:00 AM,James Street - 6 ,7:23:00 AM,Adelaide St opp City Hall (Stop 43) ,$0.89,,$5.04
 31/Aug/2023,17:01 PM,Adelaide St at City Hall (Stop 20) ,17:11 PM,Light Street - 7 ,$0.89,,$4.15
 01/Sep/2023,7:09:00 AM,Auto top up(James Street - 6 ),,,,$20.00,$24.15
 01/Sep/2023,7:09:00 AM,James Street - 6 ,7:17:00 AM,Adelaide St opp City Hall (Stop 43) ,$0.89,,$23.26
 01/Sep/2023,13:08 PM,Adelaide St app Hutton L (Stop 28) ,13:14 PM,Light Street - 7 ,$0.71,,$22.55
 02/Sep/2023,9:11:00 AM,James Street - 6 ,9:31:00 AM,Donkin Street - 7 ,$0.71,,$21.84
 02/Sep/2023,10:12:00 AM,Donkin Street - 7 (Touch on Transfer),10:30:00 AM,Light Street - 7 ,$0.00,,$21.84
 02/Sep/2023,20:34 PM,Mollison Street - 5 ,21:02 PM,Light Street - 7 ,$0.71,,$21.13
 03/Sep/2023,12:59:00 PM,James Street - 6 ,13:05 PM,Adelaide St opp City Hall (Stop 43) ,$0.71,,$20.42
 03/Sep/2023,16:55 PM,Adelaide St at City Hall (Stop 20) ,17:04 PM,Light Street - 7 ,$0.71,,$19.71
 04/Sep/2023,7:13:00 AM,James Street - 6 ,7:21:00 AM,Adelaide St opp City Hall (Stop 43) ,$1.78,,$17.93
 04/Sep/2023,12:51:00 PM,Adelaide St at City Hall (Stop 20) ,13:01 PM,Light Street - 7 ,$1.42,,$16.51
 05/Sep/2023,8:50:00 AM,James Street - 6 ,9:03:00 AM,Adelaide St app George St (Stop 47) ,$1.42,,$15.09
 05/Sep/2023,16:16 PM,Adelaide St at City Hall (Stop 20) ,16:30 PM,Light Street - 7 ,$1.78,,$13.31
 06/Sep/2023,7:41:00 AM,James Street - 6 ,7:52:00 AM,Adelaide St opp City Hall (Stop 43) ,$1.78,,$11.53
 06/Sep/2023,16:46 PM,Adelaide St at City Hall (Stop 20) ,16:57 PM,Light Street - 7 ,$1.78,,$9.75
 07/Sep/2023,7:07:00 AM,James Street - 6 ,7:16:00 AM,Adelaide St opp City Hall (Stop 43) ,$1.78,,$7.97
 07/Sep/2023,16:48 PM,Adelaide St at City Hall (Stop 20) ,17:00 PM,Light Street - 7 ,$1.78,,$6.19
 08/Sep/2023,7:13:00 AM,James Street - 6 ,7:23:00 AM,Adelaide St opp City Hall (Stop 43) ,$0.89,,$5.30
 08/Sep/2023,17:18 PM,Adelaide St at City Hall (Stop 20) ,17:27 PM,Light Street - 7 ,$0.89,,$4.41
 11/Sep/2023,7:16:00 AM,Auto top up(James Street - 6 ),,,,$20.00,$24.41
 11/Sep/2023,7:16:00 AM,James Street - 6 ,7:25:00 AM,Adelaide St opp City Hall (Stop 43) ,$1.78,,$22.63
 11/Sep/2023,13:24 PM,Adelaide St at City Hall (Stop 20) ,13:34 PM,Light Street - 7 ,$1.42,,$21.21
 11/Sep/2023,16:13 PM,James Street - 6 ,16:23 PM,Adelaide St opp City Hall (Stop 43) ,$1.78,,$19.43
 11/Sep/2023,20:00 PM,Adelaide St at City Hall (Stop 20) ,20:09 PM,Light Street - 7 ,$1.42,,$18.01
 13/Sep/2023,6:49:00 AM,James Street - 6 ,6:58:00 AM,Adelaide St opp City Hall (Stop 43) ,$1.78,,$16.23
 13/Sep/2023,14:59 PM,Adelaide St at City Hall (Stop 20) ,15:09 PM,Light Street - 7 ,$1.42,,$14.81
 14/Sep/2023,7:09:00 AM,James Street - 6 ,7:16:00 AM,Adelaide St opp City Hall (Stop 43) ,$1.78,,$13.03
 14/Sep/2023,16:51 PM,Adelaide St at City Hall (Stop 20) ,17:01 PM,Light Street - 7 ,$1.78,,$11.25
 15/Sep/2023,7:11:00 AM,James Street - 6 ,7:19:00 AM,Adelaide St opp City Hall (Stop 43) ,$0.89,,$10.36
 15/Sep/2023,16:59 PM,Adelaide St at City Hall (Stop 20) ,17:10 PM,Light Street - 7 ,$0.89,,$9.47
 19/Sep/2023,7:54:00 AM,James Street - 6 ,8:04:00 AM,Adelaide St opp City Hall (Stop 43) ,$1.78,,$7.69
 19/Sep/2023,16:09 PM,Adelaide St at City Hall (Stop 20) ,16:19 PM,Light Street - 7 ,$1.78,,$5.91
 20/Sep/2023,7:03:00 AM,James Street - 6 ,7:13:00 AM,Adelaide St opp City Hall (Stop 43) ,$1.78,,$4.13
 20/Sep/2023,17:53 PM,Auto top up(Adelaide St at City Hall (Stop 20) ),,,,$20.00,$24.13
 20/Sep/2023,17:53 PM,Adelaide St at City Hall (Stop 20) ,18:06 PM,Light Street - 7 ,$1.78,,$22.35
 21/Sep/2023,7:11:00 AM,James Street - 6 ,7:19:00 AM,Adelaide St opp City Hall (Stop 43) ,$1.78,,$20.57
 21/Sep/2023,19:12 PM,Adelaide St at City Hall (Stop 20) ,19:23 PM,Light Street - 7 ,$1.42,,$19.15
 25/Sep/2023,7:11:00 AM,James Street - 6 ,7:20:00 AM,Adelaide St opp City Hall (Stop 43) ,$1.78,,$17.37
 25/Sep/2023,13:29 PM,Adelaide St at City Hall (Stop 20) ,13:39 PM,Light Street - 7 ,$1.42,,$15.95
 26/Sep/2023,7:59:00 AM,James Street - 6 ,8:09:00 AM,Adelaide St opp City Hall (Stop 43) ,$1.78,,$14.17
 26/Sep/2023,12:31:00 PM,Adelaide St opp City Hall (Stop 43) ,12:44:00 PM,Montague Road - 10 ,$1.42,,$12.75
 26/Sep/2023,13:37 PM,Montague Road - 10 (Touch on Transfer),13:56 PM,Light Street - 7 ,$0.00,,$12.75
 27/Sep/2023,7:07:00 AM,James Street - 6 ,7:16:00 AM,Adelaide St opp City Hall (Stop 43) ,$1.78,,$10.97
 27/Sep/2023,16:58 PM,Adelaide St at City Hall (Stop 20) ,17:13 PM,Skyring Tce ,$1.78,,$9.19
 28/Sep/2023,7:13:00 AM,James Street - 6 ,7:21:00 AM,Adelaide St opp City Hall (Stop 43) ,$1.78,,$7.41
 28/Sep/2023,16:46 PM,Adelaide St at City Hall (Stop 20) ,16:58 PM,Light Street - 7 ,$1.78,,$5.63
 29/Sep/2023,13:27 PM,James Street - 6 ,13:34 PM,Adelaide St op Anzac Sq (r) (Stop 36) ,$0.71,,$4.92
 29/Sep/2023,15:37 PM,Auto top up(Adelaide St at City Hall (Stop 20) ),,,,$20.00,$24.92
 29/Sep/2023,15:37 PM,Adelaide St at City Hall (Stop 20) ,15:47 PM,Light Street - 7 ,$0.89,,$24.03
 30/Sep/2023,10:34:00 AM,James Street - 6 ,10:42:00 AM,Adelaide St opp City Hall (Stop 43) ,$0.71,,$23.32
 30/Sep/2023,12:23:00 PM,Adelaide St opp City Hall (Stop 43) ,12:31:00 PM,Mollison Street - 5 ,$0.71,,$22.61
 30/Sep/2023,13:24 PM,Mollison Street - 5 (Touch on Transfer),13:48 PM,Skyring Tce ,$0.00,,$22.61
 01/Oct/2023,18:27 PM,James Street - 6 ,18:37 PM,Cultural Centre Platform 3 ,$0.71,,$21.90
 01/Oct/2023,20:41 PM,Cultural Centre station ,20:55 PM,Light Street - 7 ,$0.71,,$21.19
 03/Oct/2023,8:07:00 AM,Teneriffe ferry terminal ,8:10:00 AM,Bulimba ferry terminal ,$1.78,,$19.41
 03/Oct/2023,8:18:00 AM,Bulimba ferry terminal (Touch on Transfer),8:53:00 AM,QUT ferry terminal ,$0.00,,$19.41
 03/Oct/2023,12:11:00 PM,Adelaide St app Hutton L (Stop 28) ,12:18:00 PM,Light Street - 7 ,$1.42,,$17.99
 04/Oct/2023,7:12:00 AM,James Street - 6 ,7:20:00 AM,Adelaide St opp City Hall (Stop 43) ,$1.78,,$16.21
 04/Oct/2023,17:02 PM,Adelaide St at City Hall (Stop 20) ,17:12 PM,Light Street - 7 ,$1.78,,$14.43
 04/Oct/2023,17:12 PM,Light Street - 7 (Touch on Transfer),Unknown,Failed to touch Off,$2.50,,$11.93
 05/Oct/2023,7:10:00 AM,Skyring Tce ,7:20:00 AM,Adelaide St opp City Hall (Stop 43) ,$1.78,,$10.15
 05/Oct/2023,17:02 PM,Adelaide St at City Hall (Stop 20) ,17:14 PM,Light Street - 7 ,$1.78,,$8.37
 06/Oct/2023,,,7:15:00 AM,Adelaide St opp City Hall (Stop 43) ,$0.00,,$6.59
 08/Oct/2023,9:56:00 AM,James Street - 6 ,10:05:00 AM,Adelaide St opp City Hall (Stop 43) ,$1.42,,$5.17
 08/Oct/2023,13:29 PM,Adelaide St app Hutton L (Stop 28) ,13:35 PM,Light Street - 7 ,$0.71,,$4.46
 09/Oct/2023,7:13:00 AM,Auto top up(James Street - 6 ),,,,$20.00,$24.46
 09/Oct/2023,7:13:00 AM,James Street - 6 ,7:21:00 AM,Adelaide St opp City Hall (Stop 43) ,$1.78,,$22.68
 09/Oct/2023,13:31 PM,Adelaide St at City Hall (Stop 20) ,13:40 PM,Light Street - 7 ,$1.42,,$21.26
 11/Oct/2023,7:06:00 AM,James Street - 6 ,7:14:00 AM,Adelaide St opp City Hall (Stop 43) ,$1.78,,$19.48
 11/Oct/2023,16:59 PM,Adelaide St at City Hall (Stop 20) ,17:12 PM,Light Street - 7 ,$1.78,,$17.70
 12/Oct/2023,7:13:00 AM,James Street - 6 ,7:22:00 AM,Adelaide St opp City Hall (Stop 43) ,$1.78,,$15.92
 12/Oct/2023,18:22 PM,Adelaide St at City Hall (Stop 20) ,18:32 PM,Light Street - 7 ,$1.78,,$14.14
 13/Oct/2023,7:13:00 AM,James Street - 6 ,7:23:00 AM,Adelaide St opp City Hall (Stop 43) ,$1.78,,$12.36
 13/Oct/2023,12:22:00 PM,Adelaide St at City Hall (Stop 20) ,12:30:00 PM,Light Street - 7 ,$1.42,,$10.94
 14/Oct/2023,11:35:00 AM,Fortitude Valley,11:57:00 AM,Indooroopilly,$0.71,,$10.23
 16/Oct/2023,7:16:00 AM,James Street - 6 ,7:25:00 AM,Adelaide St opp City Hall (Stop 43) ,$1.78,,$8.45
 16/Oct/2023,16:33 PM,Adelaide St at City Hall (Stop 20) ,16:44 PM,Light Street - 7 ,$1.78,,$6.67
 17/Oct/2023,8:24:00 AM,James Street - 6 ,8:39:00 AM,Adelaide St opp City Hall (Stop 43) ,$1.78,,$4.89
 17/Oct/2023,17:21 PM,Auto top up(Adelaide St at City Hall (Stop 20) ),,,,$20.00,$24.89
 17/Oct/2023,17:21 PM,Adelaide St at City Hall (Stop 20) ,17:33 PM,Light Street - 7 ,$1.78,,$23.11
 18/Oct/2023,7:07:00 AM,James Street - 6 ,7:18:00 AM,Adelaide St opp City Hall (Stop 43) ,$1.78,,$21.33
 18/Oct/2023,16:47 PM,Adelaide St at City Hall (Stop 20) ,16:59 PM,Light Street - 7 ,$1.78,,$19.55
 19/Oct/2023,7:09:00 AM,James Street - 6 ,7:18:00 AM,Adelaide St opp City Hall (Stop 43) ,$1.78,,$17.77
 19/Oct/2023,16:54 PM,Adelaide St at City Hall (Stop 20) ,17:05 PM,Light Street - 7 ,$1.78,,$15.99
 20/Oct/2023,7:08:00 AM,James Street - 6 ,7:18:00 AM,Adelaide St opp City Hall (Stop 43) ,$0.89,,$15.10
 20/Oct/2023,12:54:00 PM,Adelaide St at City Hall (Stop 20) ,13:03 PM,Light Street - 7 ,$0.71,,$14.39
 21/Oct/2023,11:08:00 AM,James Street - 6 ,11:21:00 AM,Cultural Centre Platform 3 ,$0.71,,$13.68
 21/Oct/2023,11:23:00 AM,Cultural Centre Platform 2 (Touch on Transfer),11:35:00 AM,Upper Mt Gravatt station ,$0.16,,$13.52
 21/Oct/2023,14:18 PM,Upper Mt Gravatt station ,14:31 PM,Cultural Centre station ,$0.87,,$12.65
 21/Oct/2023,14:33 PM,Cultural Centre station (Touch on Transfer),14:45 PM,Light Street - 7 ,$0.00,,$12.65
 21/Oct/2023,17:23 PM,James Street - 6 ,17:33 PM,Adelaide St app George St (Stop 47) ,$0.71,,$11.94
 21/Oct/2023,20:13 PM,Adelaide St at City Hall (Stop 20) ,20:21 PM,Light Street - 7 ,$0.71,,$11.23
 23/Oct/2023,7:08:00 AM,James Street - 6 ,7:18:00 AM,Adelaide St opp City Hall (Stop 43) ,$1.78,,$9.45
 23/Oct/2023,13:25 PM,Adelaide St opp City Hall (Stop 43) ,13:36 PM,Montague Road - 10 ,$1.42,,$8.03
 23/Oct/2023,14:10 PM,Montague Road - 10 (Touch on Transfer),14:32 PM,Light Street - 7 ,$0.00,,$8.03
 24/Oct/2023,7:55:00 AM,James Street - 6 ,8:06:00 AM,Adelaide St opp City Hall (Stop 43) ,$1.78,,$6.25
 24/Oct/2023,15:44 PM,Adelaide St at City Hall (Stop 20) ,15:53 PM,Light Street - 7 ,$1.78,,$4.47
 25/Oct/2023,7:13:00 AM,Auto top up(James Street - 6 ),,,,$20.00,$24.47
 25/Oct/2023,7:13:00 AM,James Street - 6 ,7:23:00 AM,Adelaide St opp City Hall (Stop 43) ,$1.78,,$22.69
 25/Oct/2023,15:00 PM,Adelaide St at City Hall (Stop 20) ,15:11 PM,Light Street - 7 ,$1.42,,$21.27
 26/Oct/2023,7:07:00 AM,James Street - 6 ,7:15:00 AM,Adelaide St opp City Hall (Stop 43) ,$1.78,,$19.49
 26/Oct/2023,16:58 PM,Adelaide St at City Hall (Stop 20) ,17:10 PM,Light Street - 7 ,$1.78,,$17.71
 27/Oct/2023,7:12:00 AM,James Street - 6 ,7:20:00 AM,Adelaide St opp City Hall (Stop 43) ,$0.89,,$16.82
 27/Oct/2023,12:22:00 PM,Adelaide St at City Hall (Stop 20) ,12:34:00 PM,Skyring Tce ,$0.71,,$16.11
 28/Oct/2023,9:52:00 AM,Light Street - 7 ,10:41:00 AM,Chermside Interchange - Arrival Stop ,$0.87,,$15.24
 28/Oct/2023,13:05 PM,Chermside Interchange - A ,13:40 PM,King George Square Station 2A ,$0.87,,$14.37
 28/Oct/2023,13:54 PM,Adelaide St at City Hall (Stop 20) (Touch on Transfer),14:02 PM,Light Street - 7 ,$0.00,,$14.37
 29/Oct/2023,14:55 PM,Adelaide St at City Hall (Stop 20) ,15:03 PM,Light Street - 7 ,$0.71,,$13.66
 30/Oct/2023,7:11:00 AM,James Street - 6 ,7:21:00 AM,Adelaide St opp City Hall (Stop 43) ,$1.78,,$11.88
 31/Oct/2023,8:14:00 AM,James Street - 6 ,8:25:00 AM,Adelaide St opp City Hall (Stop 43) ,$1.78,,$10.10
 31/Oct/2023,13:29 PM,Adelaide St at City Hall (Stop 20) ,13:38 PM,Light Street - 7 ,$1.42,,$8.68
 01/Nov/2023,7:13:00 AM,James Street - 6 ,7:23:00 AM,Adelaide St opp City Hall (Stop 43) ,$1.78,,$6.90
 01/Nov/2023,17:16 PM,Adelaide St at City Hall (Stop 18) ,17:29 PM,Light Street - 7 ,$1.78,,$5.12
 02/Nov/2023,7:10:00 AM,James Street - 6 ,7:21:00 AM,Adelaide St opp City Hall (Stop 43) ,$1.78,,$3.34
 02/Nov/2023,17:03 PM,Auto top up(Adelaide St at City Hall (Stop 20) ),,,,$20.00,$23.34
 02/Nov/2023,17:03 PM,Adelaide St at City Hall (Stop 20) ,17:13 PM,Light Street - 7 ,$1.78,,$21.56
 03/Nov/2023,7:09:00 AM,James Street - 6 ,7:19:00 AM,Adelaide St opp City Hall (Stop 43) ,$1.78,,$19.78
 03/Nov/2023,14:58 PM,Adelaide St at City Hall (Stop 20) ,15:06 PM,Light Street - 7 ,$0.71,,$19.07
 04/Nov/2023,9:01:00 AM,James Street - 6 ,9:12:00 AM,Cultural Centre Platform 3 ,$0.71,,$18.36
 04/Nov/2023,9:18:00 AM,Cultural Centre Platform 2 (Touch on Transfer),9:33:00 AM,Upper Mt Gravatt station ,$0.16,,$18.20
 04/Nov/2023,11:23:00 AM,Upper Mt Gravatt station ,11:35:00 AM,South Bank busway station Platform 1 ,$0.87,,$17.33
 04/Nov/2023,12:07:00 PM,Cultural Centre station (Touch on Transfer),12:17:00 PM,Light Street - 7 ,$0.00,,$17.33
 05/Nov/2023,8:18:00 AM,Bridge Street - 5 ,8:31:00 AM,Milton Rail Station - 5/6 ,$0.71,,$16.62
 05/Nov/2023,9:46:00 AM,Milton ferry terminal ,9:52:00 AM,North Quay ferry terminal ,$0.71,,$15.91
 05/Nov/2023,10:55:00 AM,Adelaide St at City Hall (Stop 20) ,11:03:00 AM,Light Street - 7 ,$0.71,,$15.20
 06/Nov/2023,7:14:00 AM,James Street - 6 ,7:26:00 AM,Adelaide St opp City Hall (Stop 43) ,$1.78,,$13.42
 06/Nov/2023,13:24 PM,Adelaide St at City Hall (Stop 20) ,13:34 PM,Light Street - 7 ,$1.42,,$12.00
 07/Nov/2023,7:22:00 AM,James Street - 6 ,7:34:00 AM,Adelaide St opp City Hall (Stop 43) ,$1.78,,$10.22
 07/Nov/2023,10:47:00 AM,Adelaide St at City Hall (Stop 20) ,10:57:00 AM,Light Street - 7 ,$1.42,,$8.80
 08/Nov/2023,7:13:00 AM,James Street - 6 ,7:24:00 AM,Adelaide St opp City Hall (Stop 43) ,$1.78,,$7.02
 08/Nov/2023,16:50 PM,Adelaide St at City Hall (Stop 20) ,17:01 PM,Light Street - 7 ,$1.78,,$5.24
 09/Nov/2023,7:13:00 AM,James Street - 6 ,7:23:00 AM,Adelaide St opp City Hall (Stop 43) ,$1.78,,$3.46
 09/Nov/2023,16:59 PM,Auto top up(Adelaide St at City Hall (Stop 20) ),,,,$20.00,$23.46
 09/Nov/2023,16:59 PM,Adelaide St at City Hall (Stop 20) ,17:10 PM,Light Street - 7 ,$1.78,,$21.68
 10/Nov/2023,7:06:00 AM,James Street - 6 ,7:16:00 AM,Adelaide St opp City Hall (Stop 43) ,$0.89,,$20.79
 10/Nov/2023,12:46:00 PM,Adelaide St app Hutton L (Stop 28) ,12:53:00 PM,Light Street - 7 ,$0.71,,$20.08
 12/Nov/2023,9:18:00 AM,Bridge Street - 5 ,9:33:00 AM,Milton Rail Station - 5/6 ,$0.71,,$19.37
 12/Nov/2023,11:16:00 AM,Milton ferry terminal ,11:21:00 AM,North Quay ferry terminal ,$0.71,,$18.66
 12/Nov/2023,12:47:00 PM,Adelaide St app Hutton L (Stop 28) ,12:52:00 PM,Light Street - 7 ,$0.71,,$17.95
 13/Nov/2023,7:13:00 AM,James Street - 6 ,7:24:00 AM,Adelaide St opp City Hall (Stop 43) ,$1.78,,$16.17
 13/Nov/2023,13:19 PM,Adelaide St at City Hall (Stop 20) ,13:28 PM,Light Street - 7 ,$1.42,,$14.75
 14/Nov/2023,8:37:00 AM,James Street - 6 ,8:54:00 AM,Adelaide St op Anzac Sq (r) (Stop 36) ,$1.42,,$13.33
 14/Nov/2023,10:03:00 AM,King George Square Station 1D ,10:36:00 AM,Chermside Interchange - Arrival Stop ,$1.74,,$11.59
 14/Nov/2023,15:34 PM,Chermside Interchange - Arrival Stop ,16:11 PM,Adelaide St app Creek St (Stop 35) ,$2.17,,$9.42
 14/Nov/2023,17:15 PM,Adelaide St at City Hall (Stop 20) ,17:29 PM,Light Street - 7 ,$1.78,,$7.64
 15/Nov/2023,18:59 PM,James Street - 6 ,19:07 PM,Adelaide St opp City Hall (Stop 43) ,$1.78,,$5.86
 15/Nov/2023,21:25 PM,Adelaide St at City Hall (Stop 20) ,21:36 PM,Light Street - 7 ,$1.42,,$4.44
 16/Nov/2023,7:10:00 AM,Auto top up(James Street - 6 ),,,,$20.00,$24.44
 16/Nov/2023,7:10:00 AM,James Street - 6 ,7:18:00 AM,Adelaide St opp City Hall (Stop 43) ,$0.89,,$23.55
 16/Nov/2023,17:25 PM,Adelaide St at City Hall (Stop 20) ,17:44 PM,Light Street - 7 ,$0.89,,$22.66
 17/Nov/2023,12:38:00 PM,Teneriffe Ferry - 16 ,12:51:00 PM,James Street - 6 ,$0.71,,$21.95
 17/Nov/2023,17:15 PM,Teneriffe ferry terminal ,17:23 PM,Hawthorne ferry terminal ,$0.89,,$21.06
 17/Nov/2023,20:58 PM,Hawthorne ferry terminal ,21:06 PM,Teneriffe ferry terminal ,$0.71,,$20.35
 18/Nov/2023,18:30 PM,James Street - 6 ,18:40 PM,Adelaide St opp City Hall (Stop 43) ,$0.71,,$19.64
 18/Nov/2023,23:09 PM,Adelaide St at City Hall (Stop 20) ,23:20 PM,Light Street - 7 ,$0.71,,$18.93
 20/Nov/2023,7:09:00 AM,James Street - 6 ,7:17:00 AM,Adelaide St opp City Hall (Stop 43) ,$1.78,,$17.15
 20/Nov/2023,16:11 PM,Adelaide St at City Hall (Stop 20) ,16:20 PM,Light Street - 7 ,$1.78,,$15.37
 21/Nov/2023,9:01:00 AM,Light Street - 7 ,9:37:00 AM,Chermside Interchange - Arrival Stop ,$1.74,,$13.63
 21/Nov/2023,11:15:00 AM,Chermside Interchange - A ,11:48:00 AM,King George Square Station 2A ,$1.74,,$11.89
 21/Nov/2023,11:53:00 AM,Adelaide St at City Hall (Stop 20) (Touch on Transfer),12:02:00 PM,Light Street - 7 ,$0.00,,$11.89
 22/Nov/2023,7:11:00 AM,James Street - 6 ,7:19:00 AM,Adelaide St opp City Hall (Stop 43) ,$1.78,,$10.11
 22/Nov/2023,16:55 PM,Adelaide St at City Hall (Stop 20) ,17:06 PM,Light Street - 7 ,$1.78,,$8.33
 23/Nov/2023,7:14:00 AM,James Street - 6 ,Unknown,Failed to touch Off,$2.50,,$5.83
 23/Nov/2023,17:10 PM,Adelaide St at City Hall (Stop 20) ,17:24 PM,Light Street - 7 ,$1.78,,$4.05
 24/Nov/2023,7:07:00 AM,Auto top up(James Street - 6 ),,,,$20.00,$24.05
 24/Nov/2023,7:07:00 AM,James Street - 6 ,7:16:00 AM,Adelaide St opp City Hall (Stop 43) ,$1.78,,$22.27
 23/Jan/2023,7:36:00 AM,Lewis Street - 11 ,8:00:00 AM,Caxton Street - 4 ,1.78,,12.71
 23/Jan/2023,16:52 PM,Caxton Street ,17:14 PM,Lewis Street - 11/12 ,1.78,,10.93
 25/Jan/2023,19:43 PM,Buranda,20:20 PM,Fortitude Valley,1.42,,9.51
 25/Jan/2023,22:42 PM,Fortitude Valley,23:02 PM,Buranda,1.42,,8.09
 26/Jan/2023,11:01:00 AM,Kingfisher Creek O/B ,11:15:00 AM,Carindale Interchange - B ,1.74,,6.35
 26/Jan/2023,13:28 PM,Carindale Interchange - G ,13:44 PM,Kingfisher Creek I/B ,1.74,,4.61
 29/Jan/2023,11:30:00 AM,Auto top up(Lewis Street - 11 ),,,,20,24.61
 29/Jan/2023,11:30:00 AM,Lewis Street - 11 ,11:42:00 AM,King George Square Station 1C ,1.42,,23.19
 29/Jan/2023,12:56:00 PM,King George Square Station 2D ,13:09 PM,Lewis Street - 11/12 ,1.42,,21.77
 30/Jan/2023,12:12:00 PM,Lewis Street - 11 ,12:27:00 PM,Adelaide St adj City Hall (Stop 19) ,1.42,,20.35
 30/Jan/2023,13:14 PM,King George Square Station 2D (Touch on Transfer),13:28 PM,Lewis Street - 11/12 ,0,,20.35
 31/Jan/2023,7:24:00 AM,Lewis Street - 11 ,7:46:00 AM,Caxton Street - 4 ,1.78,,18.57
 02/Feb/2023,7:22:00 AM,Lewis Street - 11 ,7:42:00 AM,Caxton Street - 4 ,1.78,,16.79
 03/Feb/2023,12:18:00 PM,Caxton Street ,12:38:00 PM,Lewis Street - 11/12 ,1.42,,15.37
 04/Feb/2023,13:45 PM,Lewis Street - 11 ,13:59 PM,Adelaide St adj City Hall (Stop 19) ,1.42,,13.95
 04/Feb/2023,15:15 PM,King George Square Station 2D ,15:28 PM,Lewis Street - 11/12 ,1.42,,12.53
 05/Feb/2023,10:32:00 AM,Lewis Street - 11 ,10:46:00 AM,King George Square Station 1C ,1.42,,11.11
 05/Feb/2023,13:40 PM,King George Square Station 2D ,13:54 PM,Lewis Street - 11/12 ,1.42,,9.69
 06/Feb/2023,7:25:00 AM,Lewis Street - 11 ,7:46:00 AM,Caxton Street - 4 ,1.78,,7.91
 06/Feb/2023,16:43 PM,Caxton Street ,17:09 PM,Lewis Street - 11/12 ,1.78,,6.13
 07/Feb/2023,17:44 PM,Lewis Street - 11 ,17:50 PM,South Bank busway station Platform 1 ,1.78,,4.35
 07/Feb/2023,19:02 PM,Auto top up(South Bank busway station Platform 2 ),,,,20,24.35
 07/Feb/2023,19:02 PM,South Bank busway station Platform 2 ,19:09 PM,Lewis Street - 11/12 ,1.42,,22.93
 08/Feb/2023,7:26:00 AM,Lewis Street - 11 ,7:48:00 AM,Caxton Street - 4 ,1.78,,21.15
 08/Feb/2023,16:54 PM,Caxton Street ,17:19 PM,Lewis Street - 11/12 ,1.78,,19.37
 10/Feb/2023,18:33 PM,Lewis Street - 11 ,18:42 PM,Cultural Centre station ,1.78,,17.59
 10/Feb/2023,18:45 PM,Cultural Centre station (Touch on Transfer),18:59 PM,Skyring Tce ,0,,17.59
 10/Feb/2023,19:35 PM,Skyring Tce (Touch on Transfer),19:52 PM,Mollison Street - 5 ,0,,17.59
 10/Feb/2023,20:29 PM,Cultural Centre Platform 2 (Touch on Transfer),20:38 PM,Lewis Street - 11/12 ,0,,17.59
 11/Feb/2023,9:59:00 AM,Lewis Street - 11/12 ,10:06:00 AM,Coorparoo - 23 - Old Cleveland Rd ,1.42,,16.17
 11/Feb/2023,10:44:00 AM,Coorparoo Square (Touch on Transfer),10:53:00 AM,Lewis Street - 11 ,0,,16.17
 12/Feb/2023,19:29 PM,Lewis Street - 11 ,19:36 PM,South Bank busway station Platform 1 ,0.71,,15.46
 12/Feb/2023,20:12 PM,South Bank busway station Platform 2 (Touch on Transfer),20:19 PM,Lewis Street - 11/12 ,0,,15.46
 13/Feb/2023,7:12:00 AM,Lewis Street - 11 ,7:33:00 AM,Caxton Street - 4 ,1.78,,13.68
 13/Feb/2023,17:14 PM,Adelaide St at City Hall (Stop 20) ,17:32 PM,Skyring Tce ,1.78,,11.9
 13/Feb/2023,17:54 PM,Skyring Tce (Touch on Transfer),18:06 PM,Adelaide St opp City Hall (Stop 43) ,0,,11.9
 13/Feb/2023,18:48 PM,Adelaide St opp City Plaza (Stop 46) (Touch on Transfer),19:02 PM,Lewis Street - 11/12 ,0,,11.9
 14/Feb/2023,7:13:00 AM,Lewis Street - 11 ,7:32:00 AM,Caxton Street - 4 ,1.78,,10.12
 14/Feb/2023,16:18 PM,Caxton Street ,17:03 PM,Lewis Street - 11/12 ,1.78,,8.34
 16/Feb/2023,14:44 PM,Lewis Street - 11 ,14:51 PM,Mater Hill station Platform 1 ,1.42,,6.92
 16/Feb/2023,18:01 PM,Cultural Centre Platform 2 ,18:09 PM,Lotus Street - 10A ,1.78,,5.14
 17/Feb/2023,18:35 PM,Lewis Street - 11 ,18:44 PM,South Bank busway station Platform 1 ,1.78,,3.36
 17/Feb/2023,20:26 PM,Auto top up(Cultural Centre Platform 2 ),,,,20,23.36
 17/Feb/2023,20:26 PM,Cultural Centre Platform 2 ,20:36 PM,Lewis Street - 11/12 ,1.42,,21.94
 19/Feb/2023,10:06:00 AM,Lewis Street - 11 ,10:14:00 AM,South Bank busway station Platform 1 ,0.71,,21.23
 19/Feb/2023,11:05:00 AM,Cultural Centre station (Touch on Transfer),11:18:00 AM,Skyring Tce ,0,,21.23
 19/Feb/2023,12:19:00 PM,James Street - 6 ,12:28:00 PM,Adelaide St opp City Hall (Stop 43) ,0.71,,20.52
 19/Feb/2023,13:55 PM,King George Square Station 2D ,14:09 PM,Lewis Street - 11/12 ,0.71,,19.81
 20/Feb/2023,7:04:00 AM,Lewis Street - 11 ,7:24:00 AM,Caxton Street - 4 ,1.78,,18.03
 20/Feb/2023,16:59 PM,Adelaide St at City Hall (Stop 20) ,17:14 PM,Skyring Tce ,1.78,,16.25
 20/Feb/2023,17:41 PM,Skyring Tce (Touch on Transfer),18:01 PM,Cultural Centre Platform 3 ,0,,16.25
 20/Feb/2023,18:02 PM,Cultural Centre Platform 2 (Touch on Transfer),18:11 PM,Lewis Street - 11/12 ,0,,16.25
 21/Feb/2023,7:04:00 AM,Lewis Street - 11 ,7:20:00 AM,Caxton Street - 4 ,1.78,,14.47
 21/Feb/2023,16:58 PM,Adelaide St at City Hall (Stop 20) ,17:15 PM,Skyring Tce ,1.78,,12.69
 21/Feb/2023,17:40 PM,Skyring Tce (Touch on Transfer),18:00 PM,Cultural Centre Platform 3 ,0,,12.69
 21/Feb/2023,18:02 PM,Cultural Centre Platform 2 (Touch on Transfer),18:13 PM,Lewis Street - 11/12 ,0,,12.69
 22/Feb/2023,8:16:00 AM,Lewis Street - 11 ,8:34:00 AM,King George Square Station 1C ,1.78,,10.91
 22/Feb/2023,16:18 PM,King George Square Station 2D ,16:35 PM,Lewis Street - 11/12 ,1.78,,9.13
 23/Feb/2023,7:11:00 AM,Lewis Street - 11 ,7:32:00 AM,Caxton Street - 4 ,1.78,,7.35
 23/Feb/2023,18:11 PM,King George Square Station 2D ,18:24 PM,Lewis Street - 11/12 ,1.78,,5.57
 26/Feb/2023,9:43:00 AM,Lewis Street - 11 ,9:55:00 AM,Adelaide St adj City Hall (Stop 19) ,0.71,,4.86
 26/Feb/2023,12:26:00 PM,Auto top up(King George Square Station 2D ),,,,20,24.86
 26/Feb/2023,12:26:00 PM,King George Square Station 2D ,12:41:00 PM,Lewis Street - 11/12 ,0.71,,24.15
 27/Feb/2023,7:13:00 AM,Lewis Street - 11 ,7:33:00 AM,Caxton Street - 4 ,1.78,,22.37
 27/Feb/2023,17:13 PM,Adelaide St at City Hall (Stop 20) ,17:26 PM,Skyring Tce ,1.78,,20.59
 27/Feb/2023,17:33 PM,Skyring Tce (Touch on Transfer),17:52 PM,Cultural Centre Platform 3 ,0,,20.59
 27/Feb/2023,17:57 PM,Cultural Centre Platform 2 (Touch on Transfer),18:07 PM,Lewis Street - 11/12 ,0,,20.59
 28/Feb/2023,8:56:00 AM,Lewis Street - 11 ,9:12:00 AM,Adelaide St adj City Hall (Stop 19) ,1.42,,19.17
 28/Feb/2023,18:27 PM,King George Square Station 2D ,18:40 PM,Lewis Street - 11/12 ,1.78,,17.39
 01/Mar/2023,7:04:00 AM,Lewis Street - 11 ,7:26:00 AM,Caxton Street - 4 ,1.78,,15.61
 01/Mar/2023,16:40 PM,Adelaide St at City Hall (Stop 20) ,16:58 PM,Skyring Tce ,1.78,,13.83
 01/Mar/2023,17:57 PM,Bowen Hills(Touch on Transfer),18:17 PM,Buranda,0,,13.83
 02/Mar/2023,9:21:00 AM,Lewis Street - 11 ,9:31:00 AM,South Bank busway station Platform 1 ,1.42,,12.41
 02/Mar/2023,15:16 PM,South Bank busway station Platform 2 ,15:25 PM,Lewis Street - 11/12 ,1.42,,10.99
 03/Mar/2023,7:21:00 AM,Lewis Street - 11 ,7:42:00 AM,Caxton Street - 4 ,0.89,,10.1
 03/Mar/2023,19:46 PM,South Bank busway station Platform 2 ,19:54 PM,Lotus Street - 10A ,0.71,,9.39
 04/Mar/2023,9:53:00 AM,Lewis Street - 11 ,10:07:00 AM,Adelaide St adj City Hall (Stop 19) ,0.71,,8.68
 04/Mar/2023,12:09:00 PM,Adelaide St opp City Plaza (Stop 46) ,12:23:00 PM,Lewis Street - 11/12 ,0.71,,7.97
 04/Mar/2023,14:48 PM,Lewis Street - 11 ,14:55 PM,South Bank busway station Platform 1 ,0.71,,7.26
 04/Mar/2023,16:42 PM,South Bank busway station Platform 2 ,16:50 PM,Lewis Street - 11/12 ,0.71,,6.55
 05/Mar/2023,10:04:00 AM,Lewis Street - 11/12 ,10:11:00 AM,Coorparoo - 23 - Old Cleveland Rd ,0.71,,5.84
 05/Mar/2023,10:50:00 AM,Coorparoo Square (Touch on Transfer),11:00:00 AM,Lewis Street - 11 ,0,,5.84
 05/Mar/2023,17:00 PM,Lewis Street - 11 ,17:12 PM,King George Square Station 1C ,0.71,,5.13
 05/Mar/2023,18:04 PM,King George Square Station 2D (Touch on Transfer),18:16 PM,Lewis Street - 11/12 ,0,,5.13
 06/Mar/2023,7:02:00 AM,Lewis Street - 11 ,7:21:00 AM,Caxton Street - 4 ,1.78,,3.35
 06/Mar/2023,16:55 PM,Auto top up(Adelaide St at City Hall (Stop 20) ),,,,20,23.35
 06/Mar/2023,16:55 PM,Adelaide St at City Hall (Stop 20) ,17:09 PM,Skyring Tce ,1.78,,21.57
 06/Mar/2023,17:40 PM,Skyring Tce (Touch on Transfer),17:58 PM,Cultural Centre Platform 3 ,0,,21.57
 06/Mar/2023,17:59 PM,Cultural Centre Platform 2 (Touch on Transfer),18:08 PM,Lewis Street - 11/12 ,0,,21.57
 07/Mar/2023,8:05:00 AM,Lewis Street - 11 ,8:16:00 AM,South Bank busway station Platform 1 ,1.78,,19.79
 07/Mar/2023,17:22 PM,South Bank busway station Platform 2 ,17:31 PM,Lewis Street - 11/12 ,1.78,,18.01
 08/Mar/2023,7:11:00 AM,Lewis Street - 11 ,7:33:00 AM,Caxton Street - 4 ,1.78,,16.23
 08/Mar/2023,16:43 PM,Caxton Street ,17:51 PM,Lewis Street - 11/12 ,1.78,,14.45
 09/Mar/2023,8:21:00 AM,Lewis Street - 11 ,8:31:00 AM,South Bank busway station Platform 1 ,1.78,,12.67
 09/Mar/2023,15:54 PM,King George Square Station 2D ,16:08 PM,Lewis Street - 11/12 ,1.78,,10.89
 10/Mar/2023,7:15:00 AM,Lewis Street - 11 ,7:32:00 AM,Caxton Street - 4 ,0.89,,10
 13/Mar/2023,7:22:00 AM,Lewis Street - 11 ,7:43:00 AM,Caxton Street - 4 ,1.78,,8.22
 13/Mar/2023,16:59 PM,Adelaide St at City Hall (Stop 20) ,17:12 PM,Skyring Tce ,1.78,,6.44
 13/Mar/2023,17:37 PM,Skyring Tce (Touch on Transfer),17:57 PM,Cultural Centre Platform 3 ,0,,6.44
 13/Mar/2023,17:58 PM,Cultural Centre Platform 2 (Touch on Transfer),18:09 PM,Lewis Street - 11/12 ,0,,6.44
 14/Mar/2023,8:32:00 AM,Lewis Street - 11 ,8:40:00 AM,South Bank busway station Platform 1 ,1.42,,5.02
 14/Mar/2023,13:45 PM,South Bank busway station Platform 2 ,13:56 PM,Stones Corner Station Platform 2 ,1.42,,3.6
 14/Mar/2023,14:37 PM,Auto top up(Stones Corner Library - 17/15 ),,,,20,23.6
 14/Mar/2023,14:37 PM,Stones Corner Library - 17/15 (Touch on Transfer),14:39 PM,Lewis Street - 11 ,0,,23.6
 15/Mar/2023,7:13:00 AM,Lewis Street - 11 ,7:31:00 AM,Caxton Street - 4 ,1.78,,21.82
 15/Mar/2023,17:07 PM,Adelaide St app Hutton L (Stop 28) ,17:19 PM,Skyring Tce ,1.78,,20.04
 15/Mar/2023,17:48 PM,Skyring Tce (Touch on Transfer),18:03 PM,Adelaide St opp City Hall (Stop 43) ,0,,20.04
 15/Mar/2023,18:43 PM,King George Square Station 2D (Touch on Transfer),18:58 PM,Lewis Street - 11/12 ,0,,20.04
 16/Mar/2023,8:59:00 AM,Lewis Street - 11 ,9:06:00 AM,South Bank busway station Platform 1 ,1.42,,18.62
 16/Mar/2023,16:15 PM,'QUT Kelvin Grove' Station (IB) - Platform 1 ,16:28 PM,Cultural Centre Platform 2 ,1.78,,16.84
 16/Mar/2023,16:34 PM,Cultural Centre Platform 2 (Touch on Transfer),16:43 PM,Lewis Street - 11/12 ,0,,16.84
 17/Mar/2023,7:11:00 AM,Lewis Street - 11 ,7:29:00 AM,Caxton Street - 4 ,0.89,,15.95
 17/Mar/2023,17:05 PM,Roma St Bus Station Platform 2 ,17:29 PM,Lewis Street - 11/12 ,0.89,,15.06
 19/Mar/2023,9:58:00 AM,Lewis Street - 11 ,10:12:00 AM,King George Square Station 1C ,0.71,,14.35
 19/Mar/2023,12:16:00 PM,King George Square Station 2D ,12:28:00 PM,Lewis Street - 11/12 ,0.71,,13.64
 20/Mar/2023,7:10:00 AM,Lewis Street - 11 ,7:32:00 AM,Caxton Street - 4 ,1.78,,11.86
 20/Mar/2023,17:28 PM,Roma St Bus Station Platform 2 ,17:45 PM,Lewis Street - 11/12 ,1.78,,10.08
 21/Mar/2023,8:04:00 AM,Lewis Street - 11 ,8:13:00 AM,South Bank busway station Platform 1 ,1.78,,8.3
 21/Mar/2023,17:07 PM,South Bank busway station Platform 2 ,17:16 PM,Lewis Street - 11/12 ,1.78,,6.52
 22/Mar/2023,7:04:00 AM,Lewis Street - 11 ,7:23:00 AM,Caxton Street - 4 ,1.78,,4.74
 22/Mar/2023,17:04 PM,Auto top up(Caxton Street ),,,,20,24.74
 22/Mar/2023,17:04 PM,Caxton Street ,17:27 PM,Lewis Street - 11/12 ,1.78,,22.96
 24/Mar/2023,7:04:00 AM,Lewis Street - 11 ,7:24:00 AM,Caxton Street - 4 ,1.78,,21.18
 24/Mar/2023,16:41 PM,Roma St Bus Station Platform 2 ,16:50 PM,Cultural Centre Platform 3 ,1.78,,19.4
 24/Mar/2023,16:55 PM,Cultural Centre Platform 2 (Touch on Transfer),17:07 PM,Lewis Street - 11/12 ,0,,19.4
 27/Mar/2023,7:04:00 AM,Lewis Street - 11 ,7:23:00 AM,Caxton Street - 4 ,1.78,,17.62
 27/Mar/2023,17:00 PM,Adelaide St at City Hall (Stop 20) ,17:11 PM,Skyring Tce ,1.78,,15.84
 27/Mar/2023,17:49 PM,Bowen Hills(Touch on Transfer),18:22 PM,Buranda,0,,15.84
 28/Mar/2023,9:29:00 AM,Lewis Street - 11 ,9:38:00 AM,South Bank busway station Platform 1 ,1.42,,14.42
 29/Mar/2023,7:02:00 AM,Lewis Street - 11 ,7:20:00 AM,Caxton Street - 4 ,1.78,,12.64
 29/Mar/2023,16:58 PM,Adelaide St app Hutton L (Stop 28) ,17:13 PM,Skyring Tce ,1.78,,10.86
 29/Mar/2023,17:31 PM,Skyring Tce (Touch on Transfer),17:52 PM,Cultural Centre Platform 3 ,0,,10.86
 29/Mar/2023,17:55 PM,Cultural Centre Platform 2 (Touch on Transfer),18:04 PM,Lewis Street - 11/12 ,0,,10.86
 30/Mar/2023,8:55:00 AM,Lewis Street - 11 ,9:02:00 AM,South Bank busway station Platform 1 ,1.42,,9.44
 30/Mar/2023,16:39 PM,South Bank busway station Platform 2 ,16:47 PM,Lewis Street - 11/12 ,1.78,,7.66
 31/Mar/2023,7:10:00 AM,Lewis Street - 11 ,7:31:00 AM,Caxton Street - 4 ,1.78,,5.88
 31/Mar/2023,16:14 PM,Roma St Bus Station Platform 2 ,16:26 PM,Woolloongabba station Platform 2 ,0.89,,4.99
 31/Mar/2023,16:26 PM,Auto top up(Woolloongabba station Platform 2 ),,,,20,24.99
 31/Mar/2023,16:26 PM,Woolloongabba station Platform 2 (Touch on Transfer),16:30 PM,Lewis Street - 11/12 ,0,,24.99
 31/Mar/2023,20:54 PM,Buranda,21:06 PM,South Brisbane,0.71,,24.28
 31/Mar/2023,23:46 PM,Cultural Centre Platform 2 ,23:52 PM,Lewis Street - 11/12 ,0.71,,23.57
 03/Apr/2023,7:13:00 AM,Lewis Street - 11 ,7:33:00 AM,Caxton Street - 4 ,1.78,,21.79
 03/Apr/2023,17:16 PM,Roma St Bus Station Platform 2 ,17:32 PM,Lewis Street - 11/12 ,1.78,,20.01
 04/Apr/2023,8:58:00 AM,Lewis Street - 11 ,9:09:00 AM,South Bank busway station Platform 1 ,1.42,,18.59
 04/Apr/2023,17:21 PM,South Bank busway station Platform 2 ,17:27 PM,Lewis Street - 11/12 ,1.78,,16.81
 06/Apr/2023,8:34:00 AM,Lewis Street - 11 ,8:50:00 AM,King George Square Station 1C ,1.42,,15.39
 06/Apr/2023,13:11 PM,King George Square Station 2D ,13:23 PM,Lewis Street - 11/12 ,1.42,,13.97
 11/Apr/2023,7:11:00 AM,Lewis Street - 11 ,7:30:00 AM,Caxton Street - 4 ,1.78,,12.19
 11/Apr/2023,17:15 PM,Adelaide St app Hutton L (Stop 28) ,17:26 PM,Skyring Tce ,1.78,,10.41
 11/Apr/2023,17:42 PM,Skyring Tce (Touch on Transfer),18:00 PM,Cultural Centre Platform 3 ,0,,10.41
 11/Apr/2023,18:04 PM,Cultural Centre Platform 2 (Touch on Transfer),18:15 PM,Lewis Street - 11/12 ,0,,10.41
 12/Apr/2023,7:12:00 AM,Lewis Street - 11 ,7:34:00 AM,Caxton Street - 4 ,1.78,,8.63
 12/Apr/2023,17:03 PM,Caxton Street ,17:32 PM,Lewis Street - 11/12 ,1.78,,6.85
 14/Apr/2023,7:11:00 AM,Lewis Street - 11 ,7:30:00 AM,Caxton Street - 4 ,1.78,,5.07
 14/Apr/2023,16:42 PM,Caxton Street ,17:06 PM,Lewis Street - 11/12 ,1.78,,3.29
 15/Apr/2023,12:43:00 PM,Auto top up(Lewis Street - 11/12 ),,,,20,23.29
 15/Apr/2023,12:43:00 PM,Lewis Street - 11/12 ,12:52:00 PM,Coorparoo - 23 - Old Cleveland Rd ,0,,21.87
 15/Apr/2023,13:28 PM,Langlands Park Station Platform 1 (Touch on Transfer),13:32 PM,Lewis Street - 11 ,0,,21.87
 16/Apr/2023,12:03:00 PM,Kingfisher Creek O/B ,12:21:00 PM,Carindale Interchange - B ,1.74,,20.13
 16/Apr/2023,14:10 PM,Carindale Interchange - G ,14:25 PM,Kingfisher Creek I/B ,0.87,,19.26
 17/Apr/2023,7:22:00 AM,Caxton Street - 4 ,Unknown,Failed to touch Off,2.5,,16.76
 17/Apr/2023,16:41 PM,Caxton Street ,17:06 PM,Lewis Street - 11/12 ,1.78,,14.98
 18/Apr/2023,7:46:00 AM,Lewis Street - 11 ,7:54:00 AM,South Bank busway station Platform 1 ,1.78,,13.2
 18/Apr/2023,15:28 PM,South Bank busway station Platform 2 ,15:37 PM,Lewis Street - 11/12 ,1.42,,11.78
 19/Apr/2023,7:11:00 AM,Top up/Adjustment(Lewis Street - 11 ),,,,2.5,14.28
 19/Apr/2023,7:11:00 AM,Lewis Street - 11 ,7:32:00 AM,Caxton Street - 4 ,1.78,,12.5
 19/Apr/2023,17:00 PM,Adelaide St app Hutton L (Stop 28) ,17:13 PM,Skyring Tce ,1.78,,10.72
 19/Apr/2023,17:47 PM,Skyring Tce (Touch on Transfer),18:09 PM,Cultural Centre Platform 3 ,0,,10.72
 19/Apr/2023,18:10 PM,Cultural Centre Platform 2 (Touch on Transfer),18:18 PM,Lewis Street - 11/12 ,0,,10.72
 20/Apr/2023,8:47:00 AM,Lewis Street - 11 ,8:57:00 AM,South Bank busway station Platform 1 ,1.42,,9.3
 20/Apr/2023,16:51 PM,King George Square Station 2D ,17:09 PM,Lewis Street - 11/12 ,1.78,,7.52
 21/Apr/2023,7:11:00 AM,Lewis Street - 11 ,7:32:00 AM,Caxton Street - 4 ,1.78,,5.74
 21/Apr/2023,15:20 PM,Caxton Street ,15:43 PM,Lewis Street - 11/12 ,0.71,,5.03
 24/Apr/2023,7:19:00 AM,Lewis Street - 11 ,7:30:00 AM,Cultural Centre station ,1.78,,3.25
 24/Apr/2023,7:33:00 AM,Auto top up(Cultural Centre station ),,,,20,23.25
 24/Apr/2023,7:33:00 AM,Cultural Centre station (Touch on Transfer),7:38:00 AM,Roma St Bus Station Platform 1 ,0,,23.25
 24/Apr/2023,19:11 PM,King George Square Station 2D ,19:25 PM,Lewis Street - 11/12 ,1.42,,21.83
 26/Apr/2023,7:10:00 AM,Lewis Street - 11 ,7:31:00 AM,Caxton Street - 4 ,1.78,,20.05
 26/Apr/2023,16:59 PM,Adelaide St app Hutton L (Stop 28) ,17:10 PM,Skyring Tce ,1.78,,18.27
 26/Apr/2023,17:34 PM,Skyring Tce (Touch on Transfer),18:02 PM,Cultural Centre Platform 3 ,0,,18.27
 26/Apr/2023,18:03 PM,Cultural Centre Platform 2 (Touch on Transfer),18:14 PM,Lewis Street - 11/12 ,0,,18.27
 27/Apr/2023,9:42:00 AM,Lewis Street - 11 ,9:52:00 AM,South Bank busway station Platform 1 ,1.42,,16.85
 27/Apr/2023,14:39 PM,King George Square Station 1D ,15:11 PM,Chermside Interchange - E ,1.74,,15.11
 27/Apr/2023,18:02 PM,Lewis Street - 11 ,18:12 PM,South Bank busway station Platform 1 ,1.78,,13.33
 28/Apr/2023,7:02:00 AM,Lewis Street - 11 ,7:20:00 AM,Caxton Street - 4 ,1.78,,11.55
 28/Apr/2023,16:27 PM,Roma St Bus Station Platform 2 ,16:43 PM,Lewis Street - 11/12 ,0.89,,10.66
 01/May/2023,15:58 PM,Lewis Street - 11 ,16:06 PM,South Bank busway station Platform 1 ,1.42,,9.24
 01/May/2023,16:51 PM,South Bank busway station Platform 2 (Touch on Transfer),16:59 PM,Lewis Street - 11/12 ,0,,9.24
 02/May/2023,7:51:00 AM,Lewis Street - 11 ,8:09:00 AM,Adelaide St adj City Hall (Stop 19) ,1.78,,7.46
 02/May/2023,11:27:00 AM,Adelaide St opp City Plaza (Stop 46) ,11:42:00 AM,Lewis Street - 11/12 ,1.42,,6.04
 03/May/2023,7:11:00 AM,Lewis Street - 11 ,7:32:00 AM,Caxton Street - 4 ,1.78,,4.26
 03/May/2023,16:53 PM,Auto top up(Adelaide St at City Hall (Stop 20) ),,,,20,24.26
 03/May/2023,16:53 PM,Adelaide St at City Hall (Stop 20) ,17:08 PM,Skyring Tce ,1.78,,22.48
 03/May/2023,18:06 PM,Skyring Tce (Touch on Transfer),18:23 PM,Cultural Centre Platform 3 ,0,,22.48
 03/May/2023,18:35 PM,Cultural Centre Platform 2 (Touch on Transfer),18:44 PM,Lewis Street - 11/12 ,0,,22.48
 04/May/2023,7:13:00 AM,Lewis Street - 11 ,7:32:00 AM,Caxton Street - 4 ,1.78,,20.7
 04/May/2023,17:05 PM,Roma St Bus Station Platform 2 ,17:24 PM,Lewis Street - 11/12 ,1.78,,18.92
 05/May/2023,7:13:00 AM,Lewis Street - 11 ,7:33:00 AM,Caxton Street - 4 ,1.78,,17.14
 05/May/2023,12:33:00 PM,Caxton Street ,12:54:00 PM,Lewis Street - 11/12 ,0.71,,16.43
 07/May/2023,14:00 PM,Lewis Street - 11 ,14:13 PM,King George Square Station 1C ,0.71,,15.72
 07/May/2023,16:14 PM,King George Square Station 2D ,16:27 PM,Lewis Street - 11/12 ,0.71,,15.01
 08/May/2023,7:12:00 AM,Lewis Street - 11 ,7:34:00 AM,Caxton Street - 4 ,1.78,,13.23
 08/May/2023,16:43 PM,Caxton Street ,17:11 PM,Lewis Street - 11/12 ,1.78,,11.45
 09/May/2023,8:59:00 AM,Lewis Street - 11 ,9:08:00 AM,South Bank busway station Platform 1 ,1.42,,10.03
 09/May/2023,13:01 PM,Adelaide St opp City Hall (Stop 44) ,13:07 PM,Jane Street - 6 ,1.42,,8.61
 09/May/2023,15:11 PM,Cultural Centre Platform 2 ,15:23 PM,Lewis Street - 11/12 ,1.42,,7.19
 11/May/2023,10:00:00 AM,Lewis Street - 11 ,10:09:00 AM,South Bank busway station Platform 1 ,1.42,,5.77
 12/May/2023,7:10:00 AM,Lewis Street - 11 ,7:32:00 AM,Caxton Street - 4 ,1.78,,3.99
 12/May/2023,16:43 PM,Auto top up(Caxton Street ),,,,20,23.99
 12/May/2023,16:43 PM,Caxton Street ,17:07 PM,Lewis Street - 11/12 ,1.78,,22.21
 13/May/2023,13:30 PM,Lewis Street - 11 ,13:45 PM,King George Square Station 1C ,0.71,,21.5
 13/May/2023,14:58 PM,King George Square Station 2D ,15:13 PM,Lewis Street - 11/12 ,0.71,,20.79
 14/May/2023,7:44:00 AM,Lewis Street - 11 ,7:52:00 AM,Cultural Centre station ,0.71,,20.08
 14/May/2023,8:09:00 AM,Cultural Centre station (Touch on Transfer),8:13:00 AM,Roma St Bus Station Platform 1 ,0,,20.08
 14/May/2023,8:48:00 AM,Corinda(Touch on Transfer),9:13:00 AM,Dinmore,0.62,,19.46
 15/May/2023,7:10:00 AM,Lewis Street - 11 ,7:33:00 AM,Caxton Street - 4 ,1.78,,17.68
 15/May/2023,17:05 PM,Caxton Street ,17:30 PM,Lewis Street - 11/12 ,1.78,,15.9
 16/May/2023,11:33:00 AM,Lewis Street - 11 ,11:55:00 AM,Warner Street - Arrival ,1.42,,14.48
 16/May/2023,12:54:00 PM,Skyring Tce (Touch on Transfer),13:11 PM,Cultural Centre Platform 3 ,0,,14.48
 16/May/2023,13:14 PM,Cultural Centre Platform 2 (Touch on Transfer),13:24 PM,Lewis Street - 11/12 ,0,,14.48
 16/May/2023,15:14 PM,Lewis Street - 11 ,15:18 PM,Woolloongabba station Platform 1 ,1.42,,13.06
 16/May/2023,15:28 PM,Woolloongabba station Platform 2 (Touch on Transfer),15:35 PM,Heidelberg Street - 14 ,0,,13.06
 17/May/2023,7:11:00 AM,Lewis Street - 11 ,7:33:00 AM,Caxton Street - 4 ,1.78,,11.28
 17/May/2023,17:34 PM,Caxton Street ,17:57 PM,Lewis Street - 11/12 ,1.78,,9.5
 19/May/2023,7:15:00 AM,Lewis Street - 11 ,7:33:00 AM,Caxton Street - 4 ,1.78,,7.72
 19/May/2023,16:59 PM,Roma St Bus Station Platform 2 ,17:15 PM,Lewis Street - 11/12 ,1.78,,5.94
 25/May/2023,15:24 PM,Buranda,15:35 PM,Park Road,1.42,,4.52
 25/May/2023,16:09 PM,Auto top up(Park Road),,,,20,24.52
 25/May/2023,16:09 PM,Park Road(Touch on Transfer),16:25 PM,Central,0,,24.52
 25/May/2023,16:59 PM,King George Square Station 2D (Touch on Transfer),17:17 PM,Lewis Street - 11/12 ,0,,24.52
 26/May/2023,7:02:00 AM,Lewis Street - 11 ,7:21:00 AM,Caxton Street - 4 ,1.78,,22.74
 27/May/2023,19:37 PM,Lewis Street - 11 ,19:45 PM,South Bank busway station Platform 1 ,1.42,,21.32
 27/May/2023,20:16 PM,South Bank busway station Platform 2 (Touch on Transfer),20:24 PM,Lewis Street - 11/12 ,0,,21.32
 28/May/2023,11:31:00 AM,Lewis Street - 11 ,11:46:00 AM,King George Square Station 1C ,1.42,,19.9
 28/May/2023,13:09 PM,King George Square Station 2D ,13:22 PM,Lewis Street - 11/12 ,1.42,,18.48
 29/May/2023,7:13:00 AM,Lewis Street - 11 ,7:34:00 AM,Caxton Street - 4 ,1.78,,16.7
 29/May/2023,16:42 PM,Roma Street,16:55 PM,Buranda,1.78,,14.92
 30/May/2023,9:27:00 AM,Lewis Street - 11 ,9:35:00 AM,South Bank busway station Platform 1 ,1.42,,13.5
 30/May/2023,12:04:00 PM,Adelaide St app Hutton L (Stop 28) ,12:16:00 PM,Teneriffe Ferry - 16 ,1.42,,12.08
 30/May/2023,13:03 PM,Skyring Tce (Touch on Transfer),13:22 PM,Cultural Centre Platform 3 ,0,,12.08
 30/May/2023,13:31 PM,Cultural Centre Platform 2 (Touch on Transfer),13:39 PM,Lewis Street - 11/12 ,0,,12.08
 31/May/2023,7:14:00 AM,Lewis Street - 11 ,7:32:00 AM,Caxton Street - 4 ,1.78,,10.3
 31/May/2023,17:15 PM,Adelaide St at City Hall (Stop 20) ,17:36 PM,Skyring Tce ,1.78,,8.52
 31/May/2023,18:05 PM,Skyring Tce (Touch on Transfer),18:22 PM,Cultural Centre Platform 3 ,0,,8.52
 31/May/2023,18:27 PM,Cultural Centre Platform 2 (Touch on Transfer),18:42 PM,Lewis Street - 11/12 ,0,,8.52
 01/Jun/2023,11:48:00 AM,Woolloongabba station Platform 1 ,11:57:00 AM,King George Square Station 1D ,1.42,,7.1
 01/Jun/2023,11:59:00 AM,King George Square Station 2E (Touch on Transfer),12:04:00 PM,Cultural Centre Platform 2 ,0,,7.1
 01/Jun/2023,12:51:00 PM,South Bank busway station Platform 2 (Touch on Transfer),12:59:00 PM,Lewis Street - 11/12 ,0,,7.1
 05/Jun/2023,7:14:00 AM,Lewis Street - 11 ,7:36:00 AM,Caxton Street - 4 ,1.78,,5.32
 05/Jun/2023,16:52 PM,Caxton Street ,17:17 PM,Lewis Street - 11/12 ,1.78,,3.54
 06/Jun/2023,7:11:00 AM,Auto top up(Lewis Street - 11 ),,,,20,23.54
 06/Jun/2023,7:11:00 AM,Lewis Street - 11 ,7:31:00 AM,Caxton Street - 4 ,1.78,,21.76
 06/Jun/2023,17:03 PM,Caxton Street ,17:25 PM,Lewis Street - 11/12 ,1.78,,19.98
 07/Jun/2023,10:54:00 AM,Lewis Street - 11 ,11:01:00 AM,South Bank busway station Platform 1 ,1.42,,18.56
 07/Jun/2023,16:42 PM,King George Square Station 2D ,16:55 PM,Lewis Street - 11/12 ,1.78,,16.78
 09/Jun/2023,7:13:00 AM,Lewis Street - 11 ,7:32:00 AM,Caxton Street - 4 ,1.78,,15
 09/Jun/2023,17:10 PM,Roma St Bus Station Platform 2 ,17:19 PM,Cultural Centre Platform 2 ,1.78,,13.22
 09/Jun/2023,17:23 PM,Cultural Centre Platform 2 (Touch on Transfer),17:32 PM,Lewis Street - 11/12 ,0,,13.22
 10/Jun/2023,12:35:00 PM,Lewis Street - 11 ,12:42:00 PM,South Bank busway station Platform 1 ,0.71,,12.51
 10/Jun/2023,15:38 PM,South Bank busway station Platform 2 ,15:46 PM,Lewis Street - 11/12 ,0.71,,11.8
 10/Jun/2023,16:44 PM,Lewis Street - 11 (Touch on Transfer),16:55 PM,Adelaide St adj City Hall (Stop 19) ,0,,11.8
 10/Jun/2023,19:31 PM,King George Square Station 2D ,19:44 PM,Lewis Street - 11/12 ,0.71,,11.09
 12/Jun/2023,7:11:00 AM,Lewis Street - 11 ,7:32:00 AM,Caxton Street - 4 ,1.78,,9.31
 12/Jun/2023,16:41 PM,Caxton Street ,17:01 PM,Lewis Street - 11/12 ,1.78,,7.53
 13/Jun/2023,10:20:00 AM,Lewis Street - 11 ,10:35:00 AM,Adelaide St adj City Hall (Stop 19) ,1.42,,6.11
 13/Jun/2023,17:13 PM,Adelaide St app Hutton L (Stop 28) ,17:26 PM,Skyring Tce ,1.78,,4.33
 13/Jun/2023,17:45 PM,Auto top up(Skyring Tce ),,,,20,24.33
 13/Jun/2023,17:45 PM,Skyring Tce (Touch on Transfer),18:06 PM,Cultural Centre Platform 3 ,0,,24.33
 13/Jun/2023,18:08 PM,Cultural Centre Platform 2 (Touch on Transfer),18:17 PM,Lewis Street - 11/12 ,0,,24.33
 14/Jun/2023,7:11:00 AM,Lewis Street - 11 ,7:31:00 AM,Caxton Street - 4 ,1.78,,22.55
 14/Jun/2023,17:27 PM,Adelaide St at City Hall (Stop 20) ,17:44 PM,Skyring Tce ,1.78,,20.77
 14/Jun/2023,18:23 PM,Chester Street - 7 (Touch on Transfer),18:40 PM,Cultural Centre Platform 3 ,0,,20.77
 14/Jun/2023,18:43 PM,South Brisbane(Touch on Transfer),19:02 PM,Buranda,0,,20.77
 15/Jun/2023,9:35:00 AM,Lewis Street - 11 ,9:48:00 AM,Adelaide St adj City Hall (Stop 19) ,1.42,,19.35
 15/Jun/2023,10:11:00 AM,King George Square Station 2D (Touch on Transfer),10:25:00 AM,Lewis Street - 11/12 ,0,,19.35
 16/Jun/2023,7:12:00 AM,Lewis Street - 11 ,7:31:00 AM,Caxton Street - 4 ,1.78,,17.57
 16/Jun/2023,16:53 PM,Caxton Street ,17:17 PM,Lewis Street - 11/12 ,0.89,,16.68
 16/Jun/2023,18:16 PM,Lewis Street - 11 (Touch on Transfer),18:32 PM,Cultural Centre station ,0,,16.68
 16/Jun/2023,20:57 PM,King George Square Station 2D ,21:11 PM,Lewis Street - 11/12 ,0.71,,15.97
 18/Jun/2023,16:59 PM,Lewis Street - 11 ,17:09 PM,Cultural Centre station ,0.71,,15.26
 18/Jun/2023,17:44 PM,Cultural Centre Platform 2 (Touch on Transfer),17:54 PM,Lewis Street - 11/12 ,0,,15.26
 19/Jun/2023,7:09:00 AM,Lewis Street - 11 ,7:17:00 AM,South Bank busway station Platform 1 ,1.78,,13.48
 19/Jun/2023,10:52:00 AM,South Bank busway station Platform 2 ,10:59:00 AM,Lewis Street - 11/12 ,1.42,,12.06
 22/Jul/2022,16:41 PM,Caxton Street ,17:03 PM,Lewis Street - 11/12 ,1.73,,12.31
 27/Jul/2022,16:42 PM,Caxton Street ,17:07 PM,Lewis Street - 11/12 ,1.73,,10.58
 28/Jul/2022,17:15 PM,Roma St Bus Station Platform 2 ,17:32 PM,Lewis Street - 11/12 ,1.73,,8.85
 28/Jul/2022,18:02 PM,Lewis Street - 11 (Touch on Transfer),18:09 PM,South Bank busway station Platform 1 ,0,,8.85
 28/Jul/2022,19:07 PM,South Bank busway station Platform 2 (Touch on Transfer),19:15 PM,Lewis Street - 11/12 ,0,,8.85
 29/Jul/2022,16:11 PM,Caxton Street ,16:30 PM,Lewis Street - 11/12 ,1.73,,7.12
 29/Jul/2022,20:19 PM,Buranda,20:46 PM,Fortitude Valley,1.38,,5.74
 29/Jul/2022,23:25 PM,King George Square Station 2D ,23:36 PM,Lewis Street - 11/12 ,1.38,,4.36
 30/Jul/2022,18:39 PM,Auto top up(Lewis Street - 11 ),,,,20,24.36
 30/Jul/2022,18:39 PM,Lewis Street - 11 ,18:53 PM,Adelaide St adj City Hall (Stop 19) ,1.38,,22.98
 30/Jul/2022,20:40 PM,King George Square Station 2D ,20:53 PM,Lewis Street - 11/12 ,1.38,,21.6
 02/Aug/2022,9:10:00 AM,Lewis Street - 11 ,9:27:00 AM,Adelaide St adj City Hall (Stop 19) ,1.38,,20.22
 02/Aug/2022,13:01 PM,Kelvin Grove - 12 ,13:11 PM,Queen St F/S Edward St (Stop 56) ,1.38,,18.84
 02/Aug/2022,14:56 PM,King George Square Station 2D ,15:07 PM,Lewis Street - 11/12 ,1.38,,17.46
 03/Aug/2022,13:32 PM,Caxton Street ,13:52 PM,Lewis Street - 11/12 ,1.38,,16.08
 04/Aug/2022,7:33:00 AM,Lewis Street - 11 ,7:52:00 AM,Caxton Street - 4 ,0,,14.35
 04/Aug/2022,17:13 PM,Caxton Street ,17:37 PM,Lewis Street - 11/12 ,1.73,,12.62
 05/Aug/2022,7:22:00 AM,Lewis Street - 11 ,7:45:00 AM,Caxton Street - 4 ,1.73,,10.89
 05/Aug/2022,16:57 PM,Roma St Bus Station Platform 2 ,17:14 PM,Lewis Street - 11/12 ,1.73,,9.16
 08/Aug/2022,17:13 PM,Caxton Street ,17:36 PM,Lewis Street - 11/12 ,1.73,,7.43
 09/Aug/2022,9:25:00 AM,Lewis Street - 11 ,9:42:00 AM,Adelaide St adj City Hall (Stop 19) ,1.38,,6.05
 09/Aug/2022,15:30 PM,King George Square Station 2D ,15:42 PM,Lewis Street - 11/12 ,1.73,,4.32
 11/Aug/2022,17:03 PM,Auto top up(Caxton Street ),,,,20,24.32
 11/Aug/2022,17:03 PM,Caxton Street ,17:25 PM,Lewis Street - 11/12 ,1.73,,22.59
 12/Aug/2022,17:00 PM,Caxton Street ,17:22 PM,Lewis Street - 11/12 ,1.73,,20.86
 13/Aug/2022,12:20:00 PM,Lewis Street - 11 ,12:36:00 PM,Roma St Bus Station Platform 1 ,1.38,,19.48
 13/Aug/2022,12:38:00 PM,Roma Street(Touch on Transfer),12:55:00 PM,Exhibition,0,,19.48
 13/Aug/2022,14:18 PM,Exhibition,14:29 PM,Roma Street,1.38,,18.1
 13/Aug/2022,14:32 PM,Roma St Bus Station Platform 2 (Touch on Transfer),14:46 PM,Lewis Street - 11/12 ,0,,18.1
 15/Aug/2022,12:34:00 PM,Caxton Street ,12:53:00 PM,Lewis Street - 11/12 ,1.38,,16.72
 15/Aug/2022,13:13 PM,Lewis Street - 11 (Touch on Transfer),13:24 PM,King George Square Station 1C ,0,,16.72
 15/Aug/2022,16:50 PM,King George Square Station 2D ,17:13 PM,Lewis Street - 11/12 ,1.73,,14.99
 17/Aug/2022,17:04 PM,Caxton Street ,17:24 PM,Lewis Street - 11/12 ,1.73,,13.26
 18/Aug/2022,17:02 PM,Caxton Street ,17:24 PM,Lewis Street - 11/12 ,1.73,,11.53
 19/Aug/2022,16:33 PM,Caxton Street - 4 ,16:55 PM,Lewis Street - 11/12 ,1.73,,9.8
 20/Aug/2022,20:33 PM,Lewis Street - 11 ,20:44 PM,King George Square Station 1C ,1.38,,8.42
 20/Aug/2022,20:49 PM,Central(Touch on Transfer),20:59 PM,Fortitude Valley,0,,8.42
 22/Aug/2022,12:18:00 PM,Lewis Street - 11 ,12:36:00 PM,Adelaide St app Hutton L (Stop 28) ,1.38,,7.04
 22/Aug/2022,16:36 PM,King George Square Station 2D ,16:49 PM,Lewis Street - 11/12 ,1.73,,5.31
 23/Aug/2022,11:45:00 AM,Lewis Street - 11 ,12:07:00 PM,'Paddington Central' Latrobe Terrace - 10 ,1.38,,3.93
 23/Aug/2022,12:50:00 PM,Auto top up(Paddo Tavern - 6 ),,,,20,23.93
 23/Aug/2022,12:50:00 PM,Paddo Tavern - 6 (Touch on Transfer),12:57:00 PM,King George Square Station 2D ,0,,23.93
 23/Aug/2022,13:06 PM,Adelaide St opp City Hall (Stop 43) (Touch on Transfer),13:17 PM,Montague Road - 10 ,0,,23.93
 23/Aug/2022,13:40 PM,Montague Road - 10 (Touch on Transfer),13:48 PM,Cultural Centre station ,0,,23.93
 23/Aug/2022,14:01 PM,Cultural Centre Platform 2 ,14:08 PM,Lewis Street - 11/12 ,1.38,,22.55
 23/Aug/2022,17:17 PM,Lewis Street - 11 ,17:27 PM,South Bank busway station Platform 1 ,1.73,,20.82
 24/Aug/2022,16:53 PM,Caxton Street - 4 ,17:14 PM,Lewis Street - 11 ,1.73,,19.09
 25/Aug/2022,16:34 PM,South Bank busway station Platform 2 ,16:43 PM,Lewis Street - 11/12 ,1.73,,17.36
 26/Aug/2022,17:31 PM,Caxton Street ,17:53 PM,Lewis Street - 11/12 ,1.73,,15.63
 27/Aug/2022,9:08:00 AM,Lewis Street - 11 ,9:20:00 AM,Adelaide St adj City Hall (Stop 19) ,0.69,,14.94
 30/Aug/2022,9:11:00 AM,Lewis Street - 11 ,9:19:00 AM,South Bank busway station Platform 1 ,1.38,,13.56
 30/Aug/2022,14:11 PM,King George Square Station 2D ,14:24 PM,Lewis Street - 11/12 ,1.38,,12.18
 31/Aug/2022,7:13:00 AM,Lewis Street - 11 ,7:32:00 AM,Caxton Street - 4 ,1.73,,10.45
 31/Aug/2022,16:42 PM,Caxton Street ,17:01 PM,Lewis Street - 11/12 ,1.73,,8.72
 01/Sep/2022,16:46 PM,Caxton Street ,17:10 PM,Lewis Street - 11/12 ,1.73,,6.99
 02/Sep/2022,7:14:00 AM,Lewis Street - 11 ,7:34:00 AM,Caxton Street - 4 ,1.73,,5.26
 02/Sep/2022,16:52 PM,Caxton Street ,17:14 PM,Lewis Street - 11/12 ,1.73,,3.53
 05/Sep/2022,16:50 PM,Auto top up(Caxton Street ),,,,20,23.53
 05/Sep/2022,16:50 PM,Caxton Street ,17:13 PM,Lewis Street - 11/12 ,1.73,,21.8
 06/Sep/2022,9:26:00 AM,Lewis Street - 11 ,9:33:00 AM,South Bank busway station Platform 1 ,1.38,,20.42
 06/Sep/2022,11:40:00 AM,King George Square Station 2D ,11:54:00 AM,Lewis Street - 11/12 ,1.38,,19.04
 07/Sep/2022,12:20:00 PM,Caxton Street ,12:39:00 PM,Lewis Street - 11/12 ,1.38,,17.66
 08/Sep/2022,7:14:00 AM,Lewis Street - 11 ,7:35:00 AM,Caxton Street - 4 ,1.73,,15.93
 08/Sep/2022,17:55 PM,Caxton Street ,18:15 PM,Lewis Street - 11/12 ,1.73,,14.2
 09/Sep/2022,16:30 PM,Caxton Street ,16:48 PM,Lewis Street - 11/12 ,1.73,,12.47
 12/Sep/2022,16:55 PM,Caxton Street ,17:19 PM,Lewis Street - 11/12 ,1.73,,10.74
 13/Sep/2022,9:13:00 AM,Lewis Street - 11 ,9:23:00 AM,South Bank busway station Platform 1 ,1.38,,9.36
 13/Sep/2022,11:17:00 AM,South Bank,11:34:00 AM,Buranda,1.38,,7.98
 14/Sep/2022,16:53 PM,Caxton Street ,17:16 PM,Lewis Street - 11/12 ,1.73,,6.25
 16/Sep/2022,17:03 PM,Caxton Street ,Unknown,Failed to touch Off,2.5,,3.75
 19/Sep/2022,7:28:00 AM,Lewis Street - 11 ,7:47:00 AM,Caxton Street - 4 ,1.73,,2.02
 19/Sep/2022,16:51 PM,Auto top up(Caxton Street ),,,,20,22.02
 19/Sep/2022,16:51 PM,Caxton Street ,17:10 PM,Lewis Street - 11/12 ,1.73,,20.29
 21/Sep/2022,13:03 PM,Caxton Street ,13:22 PM,Lewis Street - 11/12 ,1.38,,18.91
 21/Sep/2022,21:03 PM,Buranda,21:30 PM,Fortitude Valley,1.38,,17.53
 21/Sep/2022,22:45 PM,Fortitude Valley,23:33 PM,Buranda,1.38,,16.15
 23/Sep/2022,13:20 PM,Caxton Street ,13:38 PM,Woolloongabba station Platform 2 ,1.38,,14.77
 28/Sep/2022,7:22:00 AM,Lewis Street - 11 ,7:43:00 AM,Caxton Street - 4 ,1.73,,13.04
 28/Sep/2022,17:02 PM,Caxton Street ,17:26 PM,Lewis Street - 11/12 ,1.73,,11.31
 29/Sep/2022,7:23:00 AM,Lewis Street - 11 ,7:44:00 AM,Caxton Street - 4 ,1.73,,9.58
 29/Sep/2022,17:18 PM,Roma St Bus Station Platform 2 ,17:35 PM,Lewis Street - 11/12 ,1.73,,7.85
 29/Sep/2022,19:18 PM,Lewis Street - 11 ,19:25 PM,South Bank busway station Platform 1 ,1.38,,6.47
 29/Sep/2022,20:19 PM,South Bank busway station Platform 2 (Touch on Transfer),20:24 PM,Lewis Street - 11/12 ,0,,6.47
 30/Sep/2022,7:23:00 AM,Lewis Street - 11 ,7:44:00 AM,Caxton Street - 4 ,1.73,,4.74
 30/Sep/2022,21:31 PM,Auto top up(Buranda),,,,20,24.74
 30/Sep/2022,21:31 PM,Buranda,21:33 PM,Buranda(Cancel touch on),0,,24.74
 30/Sep/2022,21:35 PM,Vanda Street - 13 ,21:55 PM,Warner Street - Arrival ,1.38,,23.36
 30/Sep/2022,23:33 PM,Fortitude Valley,12:02:00 AM,Buranda,1.38,,21.98
 03/Oct/2022,9:17:00 AM,Lewis Street - 11 ,9:33:00 AM,King George Square Station 1C ,1.38,,20.6
 03/Oct/2022,12:10:00 PM,King George Square Station 2D ,12:23:00 PM,Lewis Street - 11/12 ,1.38,,19.22
 04/Oct/2022,16:04 PM,Lewis Street - 11 ,16:20 PM,Adelaide St adj City Hall (Stop 19) ,1.73,,17.49
 04/Oct/2022,17:00 PM,King George Square Station 2D (Touch on Transfer),17:13 PM,Lewis Street - 11/12 ,0,,17.49
 05/Oct/2022,7:21:00 AM,Lewis Street - 11 ,7:44:00 AM,Caxton Street - 4 ,1.73,,15.76
 05/Oct/2022,16:55 PM,Caxton Street ,17:18 PM,Lewis Street - 11/12 ,1.73,,14.03
 06/Oct/2022,7:23:00 AM,Lewis Street - 11 ,7:45:00 AM,Caxton Street - 4 ,1.73,,12.3
 07/Oct/2022,7:23:00 AM,Lewis Street - 11 ,7:44:00 AM,Caxton Street - 4 ,1.73,,10.57
 07/Oct/2022,16:52 PM,Central,17:15 PM,Enoggera,1.73,,8.84
 08/Oct/2022,8:57:00 AM,Lewis Street - 11/12 ,9:06:00 AM,Coorparoo - 23 - Old Cleveland Rd ,0.69,,8.15
 08/Oct/2022,11:03:00 AM,Coorparoo Square ,11:19:00 AM,Lewis Street - 11 ,0.69,,7.46
 08/Oct/2022,12:12:00 PM,Lewis Street - 11 (Touch on Transfer),12:18:00 PM,South Bank busway station Platform 1 ,0,,7.46
 08/Oct/2022,13:45 PM,King George Square Station 2D ,13:57 PM,Lewis Street - 11/12 ,0.69,,6.77
 08/Oct/2022,17:56 PM,Lewis Street - 11/12 ,18:04 PM,Coorparoo - 23 - Old Cleveland Rd ,0.69,,6.08
 08/Oct/2022,20:22 PM,Coorparoo Square ,20:31 PM,Lewis Street - 11 ,0.69,,5.39
 09/Oct/2022,9:22:00 AM,Lewis Street - 11/12 ,9:31:00 AM,Coorparoo - 23 - Old Cleveland Rd ,0.69,,4.7
 09/Oct/2022,10:05:00 AM,Auto top up(Coorparoo Square ),,,,20,24.7
 09/Oct/2022,10:05:00 AM,Coorparoo Square (Touch on Transfer),10:23:00 AM,South Bank busway station Platform 1 ,0,,24.7
 09/Oct/2022,12:30:00 PM,South Bank busway station Platform 2 ,12:37:00 PM,Lewis Street - 11/12 ,0.69,,24.01
 10/Oct/2022,7:26:00 AM,Lewis Street - 11 ,7:47:00 AM,Caxton Street - 4 ,1.73,,22.28
 10/Oct/2022,12:29:00 PM,King George Square Station 2D ,12:41:00 PM,Lewis Street - 11/12 ,1.38,,20.9
 12/Oct/2022,16:51 PM,Caxton Street ,17:13 PM,Lewis Street - 11/12 ,1.73,,19.17
 13/Oct/2022,16:42 PM,Caxton Street ,17:02 PM,Lewis Street - 11/12 ,1.73,,17.44
 17/Oct/2022,7:22:00 AM,Lewis Street - 11 ,7:43:00 AM,Caxton Street - 4 ,1.73,,15.71
 18/Oct/2022,9:38:00 AM,Lewis Street - 11 ,9:46:00 AM,South Bank busway station Platform 1 ,1.38,,14.33
 19/Oct/2022,16:54 PM,Caxton Street ,17:14 PM,Lewis Street - 11/12 ,1.73,,12.6
 20/Oct/2022,13:07 PM,Caxton Street ,13:27 PM,Lewis Street - 11/12 ,1.38,,11.22
 21/Oct/2022,16:59 PM,Roma St Bus Station Platform 2 ,17:17 PM,Lewis Street - 11/12 ,1.73,,9.49
 23/Oct/2022,11:29:00 AM,Lewis Street - 11 ,11:40:00 AM,King George Square Station 1C ,1.38,,8.11
 23/Oct/2022,13:06 PM,King George Square Station 2D ,13:19 PM,Lewis Street - 11/12 ,1.38,,6.73
 25/Oct/2022,17:01 PM,Caxton Street ,17:22 PM,Lewis Street - 11/12 ,1.73,,5
 26/Oct/2022,12:03:00 PM,Auto top up(Caxton Street ),,,,20,25
 26/Oct/2022,12:03:00 PM,Caxton Street ,12:21:00 PM,Lewis Street - 11/12 ,1.38,,23.62
 27/Oct/2022,16:54 PM,Lewis Street - 11 ,17:06 PM,King George Square Station 1C ,1.73,,21.89
 27/Oct/2022,17:12 PM,Central(Touch on Transfer),17:49 PM,Enoggera,0,,21.89
 27/Oct/2022,19:41 PM,Enoggera,20:02 PM,Central,1.38,,20.51
 27/Oct/2022,20:12 PM,King George Square Station 2D (Touch on Transfer),20:28 PM,Lewis Street - 11/12 ,0,,20.51
 28/Oct/2022,17:16 PM,Lewis Street - 11 ,17:26 PM,South Bank busway station Platform 1 ,1.73,,18.78
 29/Oct/2022,11:48:00 AM,Coomera,12:09:00 PM,Helensvale,1.68,,17.1
 29/Oct/2022,12:10:00 PM,GCLR Helensvale(Touch on Transfer),12:50:00 PM,Main Beach,0,,17.1
 29/Oct/2022,14:56 PM,Main Beach,15:29 PM,GCLR Helensvale,1.38,,15.72
 29/Oct/2022,15:30 PM,Helensvale(Touch on Transfer),16:01 PM,Coomera,0.3,,15.42
 31/Oct/2022,16:43 PM,Caxton Street ,17:05 PM,Lewis Street - 11/12 ,1.73,,13.69
 01/Nov/2022,17:14 PM,Lewis Street - 11 ,17:30 PM,King George Square Station 1C ,1.73,,11.96
 01/Nov/2022,18:56 PM,King George Square Station 2D ,19:09 PM,Lewis Street - 11/12 ,1.73,,10.23
 02/Nov/2022,16:56 PM,Caxton Street ,17:19 PM,Lewis Street - 11/12 ,1.73,,8.5
 03/Nov/2022,12:04:00 PM,Caxton Street ,12:28:00 PM,Lewis Street - 11/12 ,1.38,,7.12
 07/Nov/2022,12:44:00 PM,Lewis Street - 11 ,12:52:00 PM,South Bank busway station Platform 1 ,1.38,,5.74
 07/Nov/2022,15:31 PM,King George Square Station 2D ,15:46 PM,Lewis Street - 11/12 ,1.73,,4.01
 08/Nov/2022,16:31 PM,Auto top up(Caxton Street ),,,,20,24.01
 08/Nov/2022,16:31 PM,Caxton Street ,16:52 PM,Lewis Street - 11/12 ,1.73,,22.28
 10/Nov/2022,17:23 PM,Caxton Street ,17:44 PM,Lewis Street - 11/12 ,1.73,,20.55
 11/Nov/2022,17:02 PM,Caxton Street ,17:27 PM,Lewis Street - 11/12 ,1.73,,18.82
 11/Nov/2022,21:19 PM,Buranda,21:22 PM,Buranda(Cancel touch on),0,,18.82
 11/Nov/2022,21:32 PM,Vanda Street - 13 ,21:53 PM,Warner Street - Arrival ,1.38,,17.44
 12/Nov/2022,1:09:00 AM,Ann Street - Stop 216 (Valley Island) ,1:18:00 AM,Cultural Centre Platform 3 ,1.38,,16.06
 12/Nov/2022,2:21:00 AM,South Bank busway station Platform 2 ,2:30:00 AM,Lewis Street - 11/12 ,1.38,,14.68
 15/Nov/2022,10:34:00 AM,South Bank busway station Platform 2 ,10:41:00 AM,Lewis Street - 11/12 ,1.38,,13.3
 16/Nov/2022,10:42:00 AM,Lewis Street - 11 ,10:58:00 AM,King George Square Station 1C ,1.38,,11.92
 16/Nov/2022,11:54:00 AM,King George Square Station 2D (Touch on Transfer),12:08:00 PM,Lewis Street - 11/12 ,0,,11.92
 17/Nov/2022,12:05:00 PM,Lewis Street - 11 ,12:12:00 PM,South Bank busway station Platform 1 ,1.38,,10.54
 17/Nov/2022,16:39 PM,King George Square Station 2D ,16:56 PM,Lewis Street - 11/12 ,1.73,,8.81
 21/Nov/2022,17:18 PM,Roma St Bus Station Platform 2 ,17:35 PM,Lewis Street - 11/12 ,1.73,,7.08
 22/Nov/2022,17:01 PM,Roma St Bus Station Platform 2 ,17:18 PM,Lewis Street - 11/12 ,1.73,,5.35
 23/Nov/2022,17:11 PM,Roma St Bus Station Platform 2 ,17:27 PM,Lewis Street - 11/12 ,1.73,,3.62
 24/Nov/2022,12:04:00 PM,Auto top up(Caxton Street ),,,,20,23.62
 24/Nov/2022,12:04:00 PM,Caxton Street ,12:23:00 PM,Lewis Street - 11/12 ,1.38,,22.24
 25/Nov/2022,17:02 PM,Caxton Street ,17:21 PM,Lewis Street - 11/12 ,1.73,,20.51
 29/Nov/2022,16:51 PM,Caxton Street ,17:15 PM,Lewis Street - 11/12 ,1.73,,18.78
 30/Nov/2022,7:23:00 AM,Lewis Street - 11 ,7:43:00 AM,Caxton Street - 4 ,1.73,,17.05
 30/Nov/2022,16:42 PM,Caxton Street ,17:05 PM,Lewis Street - 11/12 ,1.73,,15.32
 01/Dec/2022,17:03 PM,Caxton Street ,17:24 PM,Lewis Street - 11/12 ,1.73,,13.59
 02/Dec/2022,12:36:00 PM,Caxton Street ,12:58:00 PM,Lewis Street - 11/12 ,1.38,,12.21
 07/Dec/2022,16:53 PM,Caxton Street ,17:15 PM,Lewis Street - 11/12 ,1.73,,10.48
 08/Dec/2022,13:20 PM,Caxton Street ,13:38 PM,Lewis Street - 11/12 ,1.38,,9.1
 09/Dec/2022,16:43 PM,Caxton Street ,17:05 PM,Lewis Street - 11/12 ,1.73,,7.37
 10/Dec/2022,20:26 PM,Mater Hill station Platform 1 ,20:30 PM,Cultural Centre station ,1.38,,5.99
 10/Dec/2022,22:43 PM,Cultural Centre Platform 2 ,22:50 PM,Lewis Street - 11/12 ,1.38,,4.61
 13/Dec/2022,17:15 PM,Auto top up(Lewis Street - 11 ),,,,20,24.61
 13/Dec/2022,17:15 PM,Lewis Street - 11 ,17:31 PM,King George Square Station 1C ,1.73,,22.88
 13/Dec/2022,18:12 PM,King George Square Station 2D (Touch on Transfer),18:26 PM,Lewis Street - 11/12 ,0,,22.88
 14/Dec/2022,7:21:00 AM,Lewis Street - 11 ,7:44:00 AM,Caxton Street - 4 ,1.73,,21.15
 14/Dec/2022,17:04 PM,Caxton Street ,17:29 PM,Lewis Street - 11/12 ,1.73,,19.42
 16/Dec/2022,12:48:00 PM,Caxton Street ,13:10 PM,Lewis Street - 11/12 ,1.38,,18.04
 19/Dec/2022,13:03 PM,Caxton Street ,13:24 PM,Lewis Street - 11/12 ,1.38,,16.66
 20/Dec/2022,16:53 PM,Caxton Street ,17:17 PM,Lewis Street - 11/12 ,1.73,,14.93
 21/Dec/2022,7:22:00 AM,Lewis Street - 11 ,Unknown,Failed to touch Off,2.5,,12.43
 21/Dec/2022,15:04 PM,Caxton Street ,15:26 PM,Lewis Street - 11/12 ,1.38,,11.05
 06/Jan/2023,17:47 PM,Top up/Adjustment(Lewis Street - 11 ),,,,0.77,11.82
 06/Jan/2023,17:47 PM,Lewis Street - 11 ,18:06 PM,Caxton Street - 4 ,1.73,,10.09
 06/Jan/2023,19:50 PM,Caxton Street ,20:07 PM,Lewis Street - 11/12 ,1.38,,8.71
 09/Jan/2023,17:12 PM,Caxton Street ,17:36 PM,Lewis Street - 11/12 ,1.78,,6.93
 13/Jan/2023,19:51 PM,Caxton Street ,20:10 PM,Lewis Street - 11/12 ,1.42,,5.51
 14/Jan/2023,16:06 PM,Lewis Street - 11 ,16:13 PM,South Bank busway station Platform 1 ,1.42,,4.09
 14/Jan/2023,17:46 PM,Auto top up(South Bank busway station Platform 2 ),,,,20,24.09
 14/Jan/2023,17:46 PM,South Bank busway station Platform 2 ,17:55 PM,Lewis Street - 11/12 ,1.42,,22.67
 15/Jan/2023,12:32:00 PM,Lewis Street - 11 ,12:46:00 PM,King George Square Station 1C ,1.42,,21.25
 15/Jan/2023,12:49PM,Adelaide St near Albert St (Stop 42) (Touch on Transfer),13:03 PM,Red Hill Shops - 8 ,0,,21.25
 15/Jan/2023,17:52 PM,Cairns Street - 10 ,17:56 PM,Roma St app Rlwy Stn (r) (Stop 124) ,1.42,,19.83
 15/Jan/2023,18:07 PM,Roma St Bus Station Platform 2 (Touch on Transfer),18:20 PM,Lewis Street - 11/12 ,0,,19.83
 16/Jan/2023,16:45 PM,Lewis Street - 11 ,16:54 PM,South Bank busway station Platform 1 ,1.78,,18.05
 16/Jan/2023,18:16 PM,South Bank busway station Platform 2 ,18:24 PM,Lewis Street - 11/12 ,1.78,,16.27
 18/Jan/2023,17:18 PM,King George Square Station 2D ,17:34 PM,Lewis Street - 11/12 ,1.78,,14.49
 21/Jan/2022,7:07:00 AM,South Bank busway station Platform 1 ,7:12:00 AM,King George Square Station 1E ,0.85,,18.27
 21/Jan/2022,16:10 PM,King George Square Station 2F ,16:17 PM,South Bank busway station Platform 2 ,0.85,,17.42
 21/Jan/2022,22:39 PM,King George Square Station 2D ,22:46 PM,South Bank busway station Platform 2 ,0.68,,16.74
 22/Jan/2022,15:39 PM,Queen Street Bus Station - Platform 1g ,15:47 PM,South Bank busway station Platform 2 ,0.68,,16.06
 22/Jan/2022,16:16 PM,South Bank(Touch on Transfer),16:34 PM,Fortitude Valley,0,,16.06
 22/Jan/2022,23:48 PM,Queen Street Bus Station - Platform 1e ,23:53 PM,South Bank busway station Platform 2 ,0.68,,15.38
 24/Jan/2022,6:57:00 AM,South Bank busway station Platform 1 ,7:03:00 AM,King George Square Station 1E ,1.69,,13.69
 24/Jan/2022,16:14 PM,King George Square Station 2F ,16:23 PM,South Bank busway station Platform 2 ,1.69,,12
 25/Jan/2022,6:59:00 AM,South Bank busway station Platform 1 ,7:06:00 AM,King George Square Station 1E ,1.69,,10.31
 25/Jan/2022,16:09 PM,King George Square Station 2F ,16:15 PM,South Bank busway station Platform 2 ,1.69,,8.62
 27/Jan/2022,7:00:00 AM,South Bank busway station Platform 1 ,7:06:00 AM,King George Square Station 1E ,1.69,,6.93
 27/Jan/2022,16:11 PM,Central,16:16 PM,Fortitude Valley,1.69,,5.24
 27/Jan/2022,17:03 PM,Fortitude Valley(Touch on Transfer),17:17 PM,South Bank,0,,5.24
 28/Jan/2022,7:09:00 AM,South Bank busway station Platform 1 ,7:14:00 AM,King George Square Station 1E ,1.69,,3.55
 28/Jan/2022,16:07 PM,Auto top up(King George Square Station 2E ),,,,20,23.55
 28/Jan/2022,16:07 PM,King George Square Station 2E ,16:14 PM,South Bank busway station Platform 2 ,1.69,,21.86
 28/Jan/2022,20:03 PM,South Bank,20:28 PM,Fortitude Valley,0.68,,21.18
 29/Jan/2022,20:06 PM,Central,20:15 PM,Fortitude Valley,0.68,,20.5
 30/Jan/2022,11:48:00 AM,Central,12:07:00 PM,Toowong,0.68,,19.82
 30/Jan/2022,12:35:00 PM,Toowong(Touch on Transfer),12:52:00 PM,Central,0,,19.82
 30/Jan/2022,18:39 PM,Queen Street Bus Station - Platform 1g ,18:42 PM,Cultural Centre station ,0.68,,19.14
 30/Jan/2022,18:48 PM,Cultural Centre station (Touch on Transfer),18:53 PM,Elizabeth Street Stop 82 ,0,,19.14
 01/Feb/2022,9:04:00 AM,South Bank busway station Platform 1 ,9:11:00 AM,Queen St Bus Station Southside Arrival Stop ,1.35,,17.79
 01/Feb/2022,14:18 PM,Montague Road - 10 ,14:35 PM,Adelaide St app Hutton L (Stop 28) ,1.35,,16.44
 01/Feb/2022,14:40 PM,Central(Touch on Transfer),14:55 PM,Toowong,0,,16.44
 01/Feb/2022,15:19 PM,Toowong(Touch on Transfer),15:36 PM,Central,0,,16.44
 09/Feb/2022,16:37 PM,King George Square Station 2E ,16:44 PM,South Bank busway station Platform 2 ,1.69,,14.75
 09/Feb/2022,18:11 PM,Queen Street Bus Station - Platform 1g ,18:14 PM,Cultural Centre station ,1.69,,13.06
 16/Feb/2022,19:31 PM,Adelaide St F/S Edward St (Stop 25) ,19:36 PM,Warner St app Ann St (Stop 205) ,1.35,,11.71
 18/Feb/2022,16:35 PM,Central,17:17 PM,Dinmore,3.14,,8.57
 19/Feb/2022,22:47 PM,Southport South,23:21 PM,GCLR Helensvale,1.35,,7.22
 19/Feb/2022,23:22 PM,Helensvale(Touch on Transfer),23:30 PM,Coomera,0.29,,6.93
 26/Feb/2022,9:23:00 AM,Central,10:37:00 AM,Coomera,3.3,,3.63
 10/Mar/2022,7:11:00 AM,Auto top up(Coomera),,,,20,23.63
 10/Mar/2022,7:11:00 AM,Coomera,8:08:00 AM,South Bank,4.13,,19.5
 11/Mar/2022,7:25:00 AM,Coomera,8:33:00 AM,Central,4.13,,15.37
 11/Mar/2022,17:36 PM,Central,18:48 PM,Coomera,4.13,,11.24
 14/Mar/2022,6:39:00 AM,Coomera,7:48:00 AM,Central,4.13,,7.11
 14/Mar/2022,17:08 PM,Adelaide St op Anzac Sq (r) (Stop 36) ,17:18 PM,Mollison Street - 5 ,1.69,,5.42
 14/Mar/2022,17:37 PM,West End Junction - 5 (Touch on Transfer),17:42 PM,Cultural Centre station ,0,,5.42
 14/Mar/2022,17:43 PM,Cultural Centre station (Touch on Transfer),17:47 PM,Queen St Bus Station Southside Arrival Stop ,0,,5.42
 15/Mar/2022,6:50:00 AM,Coomera,7:52:00 AM,South Bank,4.13,,1.29
 16/Mar/2022,18:04 PM,Auto top up(South Bank),,,,20,21.29
 16/Mar/2022,18:04 PM,South Bank,19:02 PM,Coomera,4.13,,17.16
 17/Mar/2022,7:24:00 AM,Coomera,8:33:00 AM,Central,4.13,,13.03
 17/Mar/2022,18:15 PM,South Bank,19:19 PM,Coomera,4.13,,8.9
 18/Mar/2022,7:08:00 AM,Coomera,8:32:00 AM,Central,4.13,,4.77
 19/Mar/2022,20:30 PM,Auto top up(Helensvale),,,,20,24.77
 19/Mar/2022,20:30 PM,Helensvale,20:36 PM,Helensvale(Cancel touch on),0,,24.77
 19/Mar/2022,20:37 PM,GCLR Helensvale,21:18 PM,Cavill Avenue,1.35,,23.42
 19/Mar/2022,23:37 PM,Cavill Avenue,12:21:00 AM,GCLR Helensvale,0.68,,22.74
 21/Mar/2022,6:50:00 AM,Coomera,7:54:00 AM,Central,4.13,,18.61
 21/Mar/2022,17:39 PM,Central,18:16 PM,Murarrie,1.69,,16.92
 22/Mar/2022,7:19:00 AM,Coomera,8:25:00 AM,South Bank,4.13,,12.79
 22/Mar/2022,18:40 PM,Central,19:17 PM,Murarrie,1.69,,11.1
 22/Mar/2022,20:17 PM,Adelaide St op Anzac Sq (r) (Stop 36) (Touch on Transfer),20:29 PM,Mollison Street - 5 ,0,,11.1
 22/Mar/2022,21:10 PM,West End Junction - 5 (Touch on Transfer),21:14 PM,Cultural Centre station ,0,,11.1
 22/Mar/2022,21:18 PM,Cultural Centre station (Touch on Transfer),21:20 PM,Queen St Bus Station Southside Arrival Stop ,0,,11.1
 24/Mar/2022,8:13:00 AM,Coomera,9:39:00 AM,Central,4.13,,6.97
 25/Mar/2022,7:58:00 AM,Coomera,9:02:00 AM,Central,4.13,,2.84
 27/Mar/2022,10:04:00 AM,Auto top up(Queen Street Bus Station - Platform 1h ),,,,20,22.84
 27/Mar/2022,10:04:00 AM,Queen Street Bus Station - Platform 1h ,10:08:00 AM,Cultural Centre station ,1.35,,21.49
 27/Mar/2022,11:17:00 AM,Mollison Street - 5 ,11:27:00 AM,Adelaide St at City Hall (Stop 20) ,1.35,,20.14
 27/Mar/2022,12:33:00 PM,Central,12:53:00 PM,Toowong,0.68,,19.46
 27/Mar/2022,13:25 PM,Toowong(Touch on Transfer),13:38 PM,Central,0,,19.46
 29/Mar/2022,15:32 PM,Queen Street Bus Station - Platform 2a ,15:57 PM,A - Indooroopilly Interchange ,1.69,,17.77
 29/Mar/2022,17:36 PM,B - Indooroopilly Interchange ,18:00 PM,Queen St Bus Station Southside Arrival Stop ,1.69,,16.08
 30/Mar/2022,14:12 PM,King George Square Station 1C ,14:17 PM,Caxton Street - 4 ,1.35,,14.73
 02/Apr/2022,18:38 PM,Central,18:49 PM,Bowen Hills,1.35,,13.38
 02/Apr/2022,20:30 PM,Wooloowin,21:00 PM,Central,1.35,,12.03
 03/Apr/2022,14:00 PM,Adelaide St F/S Edward St (Stop 25) ,14:13 PM,Mark Street - 13 ,1.35,,10.68
 03/Apr/2022,15:40 PM,Bowls Club - 16 ,15:53 PM,Adelaide St op Anzac Sq (r) (Stop 36) ,1.35,,9.33
 09/Apr/2022,11:32:00 AM,Adelaide St at City Hall (Stop 20) ,11:43:00 AM,Skyring Tce ,1.35,,7.98
 12/Apr/2022,9:29:00 AM,Adelaide St opp City Hall (Stop 44) ,9:36:00 AM,West End Junction - 5 ,1.35,,6.63
 12/Apr/2022,10:35:00 AM,West End Junction - 5 (Touch on Transfer),10:42:00 AM,Adelaide St at City Hall (Stop 20) ,0,,6.63
 13/Apr/2022,14:16 PM,Adelaide St opp City Hall (Stop 43) ,14:28 PM,Montague Road - 10 ,1.35,,5.28
 13/Apr/2022,15:33 PM,Montague Road - 10 ,15:46 PM,Adelaide St at City Hall (Stop 20) ,1.69,,3.59
 15/Apr/2022,16:53 PM,Auto top up(Adelaide St opp DJ's (Stop 23) ),,,,20,23.59
 15/Apr/2022,16:53 PM,Adelaide St opp DJ's (Stop 23) ,17:10 PM,Hamilton Central - 20 ,1.35,,22.24
 15/Apr/2022,20:55 PM,Bretts Wharf - 19 ,21:06 PM,Adelaide St - (Stop 32) ,1.35,,20.89
 19/Apr/2022,16:18 PM,Adelaide St opp City Hall (Stop 43) ,16:25 PM,Mollison Street - 5 ,1.69,,19.2
 19/Apr/2022,16:50 PM,West End Junction - 5 (Touch on Transfer),17:02 PM,Adelaide St at City Hall (Stop 20) ,0,,19.2
 24/Apr/2022,11:05:00 AM,Queen Street Bus Station - Platform 1f ,11:15:00 AM,South Bank busway station Platform 2 ,1.35,,17.85
 24/Apr/2022,13:24 PM,West End Junction - 5 ,13:34 PM,Cultural Centre station ,1.35,,16.5
 25/Apr/2022,16:24 PM,Queen Street Bus Station - Platform 1f ,16:27 PM,Cultural Centre station ,1.35,,15.15
 25/Apr/2022,16:53 PM,Cultural Centre station (Touch on Transfer),16:57 PM,Queen St Bus Station Southside Arrival Stop ,0,,15.15
 27/Apr/2022,16:59 PM,King George Square Station 1E ,17:06 PM,'Herston Station' (OB) Platform 2 ,1.69,,13.46
 29/Apr/2022,16:31 PM,Toowong,16:50 PM,Central,1.69,,11.77
 29/Apr/2022,19:15 PM,Adelaide St at City Hall (Stop 20) ,19:22 PM,Warner St app Ann St (Stop 205) ,1.35,,10.42
 30/Apr/2022,13:13 PM,Adelaide St opp City Hall (Stop 44) ,13:21 PM,West End Junction - 5 ,1.35,,9.07
 30/Apr/2022,14:15 PM,West End Junction - 5 (Touch on Transfer),14:24 PM,Adelaide St at City Hall (Stop 20) ,0,,9.07
 06/May/2022,19:42 PM,Central,19:46 PM,Central(Cancel touch on),0,,9.07
 06/May/2022,19:46 PM,Central,19:55 PM,Fortitude Valley,1.35,,7.72
 13/May/2022,11:47:00 AM,Adelaide St opp City Hall (Stop 43) ,11:55:00 AM,Mollison Street - 5 ,1.35,,6.37
 13/May/2022,12:40:00 PM,West End Junction - 5 (Touch on Transfer),12:50:00 PM,Adelaide St at City Hall (Stop 20) ,0,,6.37
 14/May/2022,12:37:00 PM,Queen Street Bus Station - Platform 1h ,12:42:00 PM,Cultural Centre station ,1.35,,5.02
 14/May/2022,14:20 PM,Cultural Centre station ,Unknown,Failed to touch Off,2.5,,2.52
 15/May/2022,17:38 PM,Adelaide St opp City Hall (Stop 43) ,17:47 PM,Mollison Street - 5 ,1.35,,1.17
 15/May/2022,19:14 PM,Auto top up(Mollison Street - 5 ),,,,20,21.17
 15/May/2022,19:14 PM,Mollison Street - 5 ,19:21 PM,Adelaide St at City Hall (Stop 20) ,1.35,,19.82
 16/May/2022,17:47 PM,Queen Street Bus Station - Platform 1i ,17:59 PM,South Bank busway station Platform 2 ,1.69,,18.13
 17/May/2022,15:48 PM,Queen Street Bus Station - Platform 1d ,15:54 PM,Cultural Centre station ,1.69,,16.44
 17/May/2022,18:04 PM,Cultural Centre station ,18:06 PM,Jane Street - 6 ,1.69,,14.75
 17/May/2022,18:18 PM,Mollison Street - 5 (Touch on Transfer),18:26 PM,Adelaide St at City Hall (Stop 20) ,0,,14.75
 18/May/2022,7:29:00 AM,King George Square Station 1C ,7:34:00 AM,Caxton Street - 4 ,1.69,,13.06
 18/May/2022,17:12 PM,Caxton Street ,17:18 PM,King George Square Station 2D ,1.69,,11.37
 19/May/2022,7:42:00 AM,King George Square Station 1C ,7:48:00 AM,Caxton Street - 4 ,1.69,,9.68
 19/May/2022,16:12 PM,Caxton Street ,16:18 PM,King George Square Station 2D ,1.69,,7.99
 31/May/2022,12:14:00 PM,Adelaide St opp City Hall (Stop 44) ,12:25:00 PM,West End Junction - 5 ,1.35,,6.64
 31/May/2022,15:29 PM,Mollison Street - 5 ,15:36 PM,Adelaide St at City Hall (Stop 20) ,1.35,,5.29
 01/Jun/2022,7:37:00 AM,King George Square Station 1C ,7:41:00 AM,Caxton Street - 4 ,1.69,,3.6
 03/Jun/2022,7:53:00 AM,Auto top up(King George Square Station 1C ),,,,20,23.6
 03/Jun/2022,7:53:00 AM,King George Square Station 1C ,7:59:00 AM,Caxton Street - 4 ,1.69,,21.91
 06/Jun/2022,13:00 PM,Central,13:46 PM,Doomben,1.35,,20.56
 06/Jun/2022,15:44 PM,Coomera,17:02 PM,Central,0,,16.43
 08/Jun/2022,7:36:00 AM,King George Square Station 1C ,7:41:00 AM,Caxton Street - 4 ,1.69,,14.74
 09/Jun/2022,7:39:00 AM,King George Square Station 1C ,7:46:00 AM,Caxton Street - 4 ,1.69,,13.05
 10/Jun/2022,7:38:00 AM,King George Square Station 1C ,7:44:00 AM,Caxton Street - 4 ,1.69,,11.36
 11/Jun/2022,10:27:00 AM,Adelaide St opp City Hall (Stop 43) ,10:47:00 AM,Montague Road - 10 ,1.35,,10.01
 11/Jun/2022,11:45:00 AM,Donkin Street - 7 (Touch on Transfer),11:52:00 AM,Cultural Centre station ,0,,10.01
 11/Jun/2022,12:42:00 PM,Cultural Centre station (Touch on Transfer),12:47:00 PM,Mollison Street - 5 ,0,,10.01
 11/Jun/2022,13:46 PM,Mollison Street - 5 (Touch on Transfer),13:50 PM,Cultural Centre station ,0,,10.01
 11/Jun/2022,13:57 PM,South Brisbane,15:01 PM,Coomera,3.3,,6.71
 13/Jun/2022,13:58 PM,King George Square Station 2D ,14:12 PM,Lewis Street - 11/12 ,1.35,,5.36
 13/Jun/2022,15:24 PM,Lewis Street - 11 ,15:39 PM,King George Square Station 1C ,1.35,,4.01
 14/Jun/2022,9:28:00 AM,Auto top up(Adelaide St opp City Hall (Stop 44) ),,,,20,24.01
 14/Jun/2022,9:28:00 AM,Adelaide St opp City Hall (Stop 44) ,9:36:00 AM,West End Junction - 5 ,1.35,,22.66
 14/Jun/2022,10:28:00 AM,Cultural Centre station (Touch on Transfer),10:44:00 AM,Upper Mt Gravatt station ,0.29,,22.37
 14/Jun/2022,13:33 PM,Upper Mt Gravatt station ,13:52 PM,Elizabeth Street Stop 82 ,1.64,,20.73
 15/Jun/2022,7:44:00 AM,King George Square Station 1C ,7:51:00 AM,Caxton Street - 4 ,1.69,,19.04
 16/Jun/2022,7:40:00 AM,King George Square Station 1C ,7:47:00 AM,Caxton Street - 4 ,1.69,,17.35
 17/Jun/2022,7:40:00 AM,King George Square Station 1C ,7:46:00 AM,Caxton Street - 4 ,1.69,,15.66
 19/Jun/2022,17:46 PM,King George Square Station 2F ,17:54 PM,South Bank busway station Platform 2 ,1.35,,14.31
 19/Jun/2022,19:00 PM,South Bank busway station Platform 1 ,19:07 PM,Queen St Bus Station Southside Arrival Stop ,0.68,,13.63
 20/Jun/2022,15:41 PM,Adelaide St opp City Hall (Stop 43) ,15:54 PM,Montague Road - 10 ,1.69,,11.94
 20/Jun/2022,16:16 PM,Montague Road - 10 (Touch on Transfer),16:21 PM,Mollison Street - 5 ,0,,11.94
 20/Jun/2022,16:26 PM,West End Junction - 5 (Touch on Transfer),16:35 PM,Adelaide St at City Hall (Stop 20) ,0,,11.94
 22/Jun/2022,1:27:00 PM,Central,13:27 PM,Springfield Central,2.51,,9.43
 22/Jun/2022,16:51 PM,Springfield Central,17:53 PM,Central,3.14,,6.29
 23/Jun/2022,7:48:00 AM,King George Square Station 1C ,7:52:00 AM,Caxton Street - 4 ,1.69,,4.6
 27/Jun/2022,11:56:00 AM,Auto top up(Adelaide St opp City Hall (Stop 43) ),,,,20,24.6
 27/Jun/2022,11:56:00 AM,Adelaide St opp City Hall (Stop 43) ,12:06:00 PM,State High - 8 ,1.35,,23.25
 27/Jun/2022,14:07 PM,Cultural Centre station ,14:10 PM,Adelaide St adj City Hall (Stop 19) ,1.35,,21.9
 29/Jun/2022,7:38:00 AM,King George Square Station 1C ,7:44:00 AM,Caxton Street - 4 ,1.69,,20.21
 29/Jun/2022,17:02 PM,Caxton Street ,17:08 PM,King George Square Station 2D ,1.69,,18.52
 30/Jun/2022,7:39:00 AM,King George Square Station 1C ,7:46:00 AM,Caxton Street - 4 ,1.69,,16.83
 01/Jul/2022,7:38:00 AM,King George Square Station 1C ,7:44:00 AM,Caxton Street - 4 ,1.69,,15.14
 05/Jul/2022,10:42:00 AM,Nundah,11:04:00 AM,Central,1.38,,13.76
 09/Jul/2022,10:48:00 AM,King George Square Station 1C ,10:52:00 AM,Caxton Street - 4 ,1.38,,12.38
 09/Jul/2022,11:36:00 AM,'Paddington Central' Latrobe Terrace - 10 (Touch on Transfer),11:47:00 AM,King George Square Station 2D ,0,,12.38
 13/Jul/2022,9:28:00 AM,King George Square Station 2D ,9:44:00 AM,Lewis Street - 11/12 ,1.38,,11
 13/Jul/2022,11:51:00 AM,Park Road,13:02 PM,Coomera,3.39,,7.61
 13/Jul/2022,13:07 PM,Coomera station  stop A (Touch on Transfer),13:21 PM,Rose Valley Dr at Lysterfield Rise ,0,,7.61
 14/Jul/2022,16:09 PM,Coomera,17:22 PM,South Bank,4.24,,3.37
 14/Jul/2022,17:26 PM,Auto top up(South Bank busway station Platform 2 ),,,,20,23.37
 14/Jul/2022,17:26 PM,South Bank busway station Platform 2 (Touch on Transfer),17:32 PM,Lewis Street - 11/12 ,0,,23.37
 15/Jul/2022,8:27:00 AM,King George Square Station 2D ,8:42:00 AM,Lewis Street - 11/12 ,1.73,,21.64
 15/Jul/2022,15:12 PM,Lewis Street - 11 ,15:26 PM,King George Square Station 1C ,1.38,,20.26
 18/Jul/2022,9:44:00 AM,Lewis Street - 11 ,9:57:00 AM,Roma St Bus Station Platform 1 ,1.38,,18.88
 18/Jul/2022,10:07:00 AM,Roma St Bus Station Platform 2 (Touch on Transfer),10:21:00 AM,Lewis Street - 11/12 ,0,,18.88
 18/Jul/2022,13:42 PM,Lewis Street - 11 ,13:54 PM,King George Square Station 1C ,1.38,,17.5
 18/Jul/2022,14:53 PM,King George Square Station 2D (Touch on Transfer),15:05 PM,Lewis Street - 11/12 ,0,,17.5
 20/Jul/2022,7:22:00 AM,Lewis Street - 11 ,7:43:00 AM,Caxton Street - 4 ,1.73,,15.77
 20/Jul/2022,16:19 PM,Caxton Street ,16:41 PM,Lewis Street - 11/12 ,1.73,,14.04
 02/Jan/2022,11:53:00 AM,Morris Street - 10 ,12:05:00 PM,Adelaide St at City Hall (Stop 20) ,1.35,,3.76
 03/Jan/2022,10:30:00 AM,Auto top up(Mollison Street - 5 ),,,,20,23.76
 03/Jan/2022,10:30:00 AM,Mollison Street - 5 ,10:36:00 AM,West End Ferry - 15 ,1.35,,22.41
 03/Jan/2022,10:38:00 AM,West End ferry terminal (Touch on Transfer),11:39:00 AM,New Farm Park ferry terminal ,0,,22.41
 03/Jan/2022,13:09 PM,Bowls Club - 16 ,13:31 PM,Cultural Centre station ,1.35,,21.06
 04/Jan/2022,7:12:00 AM,South Bank busway station Platform 1 ,7:18:00 AM,King George Square Station 1C ,1.69,,19.37
 05/Jan/2022,8:29:00 AM,South Bank busway station Platform 1 ,8:42:00 AM,'QUT Kelvin Grove' Station (OB) - Platform 2 ,1.69,,17.68
 05/Jan/2022,10:01:00 AM,'QUT Kelvin Grove' Station (IB) - Platform 1 ,10:13:00 AM,South Bank busway station Platform 2 ,1.35,,16.33
 05/Jan/2022,11:49:00 AM,South Bank busway station Platform 1 ,11:55:00 AM,King George Square Station 1E ,1.35,,14.98
 05/Jan/2022,17:42 PM,King George Square Station 2E ,17:50 PM,South Bank busway station Platform 2 ,1.69,,13.29
 06/Jan/2022,8:30:00 AM,South Bank busway station Platform 1 ,8:37:00 AM,King George Square Station 1E ,1.35,,11.94
 06/Jan/2022,17:38 PM,King George Square Station 2D ,17:50 PM,South Bank busway station Platform 2 ,0.85,,11.09
 06/Jan/2022,19:04 PM,South Bank busway station Platform 1 ,19:10 PM,Queen St Bus Station Southside Arrival Stop ,0.68,,10.41
 07/Jan/2022,8:36:00 AM,South Bank busway station Platform 1 ,8:43:00 AM,King George Square Station 1F ,0.68,,9.73
 07/Jan/2022,18:40 PM,South Bank busway station Platform 1 ,18:46 PM,Queen St Bus Station Southside Arrival Stop ,0.85,,8.88
 08/Jan/2022,11:58:00 AM,James Street - 6 ,12:05:00 PM,Adelaide St opp City Hall (Stop 43) ,0.68,,8.2
 08/Jan/2022,14:53 PM,Queen Street Bus Station - Platform 1f ,15:00 PM,South Bank busway station Platform 2 ,0.68,,7.52
 10/Jan/2022,8:02:00 AM,South Bank busway station Platform 1 ,8:09:00 AM,King George Square Station 1C ,1.69,,5.83
 10/Jan/2022,17:15 PM,King George Square Station 2D ,17:25 PM,South Bank busway station Platform 2 ,1.69,,4.14
 11/Jan/2022,8:00:00 AM,Auto top up(South Bank busway station Platform 1 ),,,,20,24.14
 11/Jan/2022,8:00:00 AM,South Bank busway station Platform 1 ,8:12:00 AM,King George Square Station 1C ,1.69,,22.45
 11/Jan/2022,17:08 PM,King George Square Station 2E ,17:17 PM,South Bank busway station Platform 2 ,1.69,,20.76
 12/Jan/2022,8:02:00 AM,South Bank busway station Platform 1 ,8:09:00 AM,King George Square Station 1F ,1.69,,19.07
 12/Jan/2022,17:11 PM,King George Square Station 2D ,17:18 PM,South Bank busway station Platform 2 ,1.69,,17.38
 12/Jan/2022,18:16 PM,South Bank busway station Platform 1 (Touch on Transfer),18:19 PM,Cultural Centre station ,0,,17.38
 12/Jan/2022,18:21 PM,Cultural Centre station (Touch on Transfer),18:25 PM,Mollison Street - 5 ,0,,17.38
 12/Jan/2022,18:40 PM,Mollison Street - 5 (Touch on Transfer),18:44 PM,Cultural Centre station ,0,,17.38
 12/Jan/2022,18:46 PM,Cultural Centre station ,18:48 PM,South Bank busway station Platform 2 ,1.69,,15.69
 13/Jan/2022,14:40 PM,South Bank busway station Platform 1 ,14:47 PM,Queen St Bus Station Southside Arrival Stop ,1.35,,14.34
 13/Jan/2022,15:47 PM,Queen Street Bus Station - Platform 1i (Touch on Transfer),15:56 PM,South Bank busway station Platform 2 ,0,,14.34
 14/Jan/2022,8:07:00 AM,South Bank busway station Platform 1 ,8:14:00 AM,King George Square Station 1F ,0.85,,13.49
 14/Jan/2022,17:49 PM,Queen Street Bus Station - Platform 1i ,17:56 PM,South Bank busway station Platform 2 ,0.85,,12.64
 17/Jan/2022,7:07:00 AM,Mater Hill station Platform 1 ,7:12:00 AM,King George Square Station 1E ,1.69,,10.95
 17/Jan/2022,17:12 PM,Central,17:45 PM,Murarrie,1.69,,9.26
 18/Jan/2022,7:06:00 AM,South Bank busway station Platform 1 ,7:13:00 AM,King George Square Station 1E ,1.69,,7.57
 18/Jan/2022,16:26 PM,Queen Street Bus Station - Platform 1f ,16:32 PM,South Bank busway station Platform 2 ,1.69,,5.88
 19/Jan/2022,7:10:00 AM,South Bank,7:24:00 AM,Central,1.69,,4.19
 19/Jan/2022,16:10 PM,Auto top up(Adelaide St op Anzac Sq (r) (Stop 36) ),,,,20,24.19
 19/Jan/2022,16:10 PM,Adelaide St op Anzac Sq (r) (Stop 36) ,16:21 PM,West End Junction - 5 ,1.69,,22.5
 19/Jan/2022,16:30 PM,West End Junction - 5 (Touch on Transfer),16:34 PM,Cultural Centre station ,0,,22.5
 19/Jan/2022,16:37 PM,Cultural Centre station (Touch on Transfer),16:39 PM,South Bank busway station Platform 2 ,0,,22.5
 20/Jan/2022,7:08:00 AM,South Bank busway station Platform 1 ,7:14:00 AM,King George Square Station 1E ,1.69,,20.81
 20/Jan/2022,16:08 PM,King George Square Station 2E ,16:14 PM,South Bank busway station Platform 2 ,1.69,,19.12
 20/Jan/2022,17:05 PM,South Bank busway station Platform 1 (Touch on Transfer),17:09 PM,Cultural Centre station ,0,,19.12
 20/Jan/2022,17:12 PM,Cultural Centre station (Touch on Transfer),17:26 PM,Barker Street - 9 ,0,,19.12
 20/Jan/2022,18:09 PM,Fortitude Valley(Touch on Transfer),18:23 PM,South Bank,0,,19.12
